week,writer,cik,company,date_created,platform,platform_url,sec_filing_url,sec_filing_date,legal_name,dba,city,industry,tech_sector,stage,series,crowdfunding_type_1,crowdfunding_type_2,security_type,rev_share_return_multiple,debt_interest_rate,pre_money_valuation,valuation_cap,discount_rate,valuation_cap_after_discount,valuations_combined,valuations_brackets,revenue_model,distrubution_model,business_type,has_scalable_business_model,margin_level,capital_intensity_level,accelerator_program,addressable_market,market_size_addressable,market_size_addressable_buckets,market_size_obtainable,market_size_obtainable_buckets,market_growth_rate,market_growth_rate_buckets,direct_competitors_buckets,differentiation_level_quality,differentiation_level_price,how_is_it_10x_better,barriers_to_entry,threat_of_substitute_products,has_social_impact,has_patents,has_users,has_paying_customers,total_revenue,total_revenue_brackets,monthly_burn,prior_rounds_total_amount_raised,prior_rounds_total_amount_raised_buckets,monthly_burn_rate,monthly_burn_rate_of_capital_buckets,development_phase,bio_development_phase,has_partnerships,relevant_partners,founders,has_shared_experience,has_female_founders,has_minority_founders,has_famous_founders,unique_universities,employees,relevent_advisors,notable_investors,spacer founder 1,founder_1_relevant_industry_experience,founder_1_exits,founder_1_age,founder_1_graduated_from_top_100,spacer founder 2,founder_2_relevant_industry_experience,founder_2_exits,founder_2_age,founder_2_graduated_from_top_100,spacer founder 3,founder_3_relevant_industry_experience,founder_3_exits,founder_3_age,founder_3_graduated_from_top_100,spacer founder 4,founder_4_relevant_industry_experience,founder_4_exits,founder_4_age,founder_4_graduated_from_top_100,spacer founder 5,founder_5_relevant_industry_experience,founder_5_exits,founder_5_age,founder_5_graduated_from_top_100,spacer founder 6,founder_6_relevant_industry_experience,founder_6_exits,founder_6_age,founder_6_graduated_from_top_100,spacer founder 7,founder_7_relevant_industry_experience,founder_7_exits,founder_7_age,founder_7_graduated_from_top_100,spacer founder 8,founder_8_relevant_industry_experience,founder_8_exits,founder_8_age,founder_8_graduated_from_top_100,spacer founder 9,founder_9_relevant_industry_experience,founder_9_exits,founder_9_age,founder_9_graduated_from_top_100,,,,,,avg_relevant_industry_experience,avg_relevant_industry_experience_brackets,sum_exits,sum_exits_brackets,avg_age,age_buckets,,Valuation/Cap,Discount Rate,Interest Rate,Return Multiple,Price Rating,Attributes - Security Type,%,Tags - Stage,,Addressable Market Size,Market Growth,Sum,Market Rating,Tags - Social Impact,,Relevant Industry Experience,Exits,Sum,Team Rating,Attributes - Founders Age,%,Attributes - # of Founders,%,Attributes - Employees,%,Attributes - Founders Worked Together,%,Tags - Female Founder,Tags - Minority Founder,Tags - Famous Founder,,Attributes - Revenue Model,%,Attributes - Distribution Model,%,Attributes - Margin,%,Attributes - Capital Intensity,%,,Has Paying Customers,Revenue,Capital Utilization,Capital Raised,Sum,Performance Rating,Attribute - Development Phase,%,,Diffrentiation Level Rating,Direct Competitors,Sum,Diffrentiation Rating,Attribute - has_patents,%,Attribute - barriers_to_entry,%,Attribute - threat_of_substitute_products,%,,,Sum,Overall Ratings (Scaled Sum)
,,1744757,KingsCrowd,05/27/2019 8:46 AM,NetCapital,https://netcapital.com/companies/kingscrowd,https://www.sec.gov/Archives/edgar/data/1744757/000166919120000096/xslC_X01/primary_doc.xml,3/6/2020,Kings Crowd LLC,KingsCrowd,,Financial & Insurance Products & Services,FinTech,Early,Seed,RegCF,,Equity - Common,,,"$3,062,871",,,,3062871,#NAME?,Recurring,B2B/B2C,High Growth,Yes,High,Low,No,The online private market,11500000000,#NAME?,2460000000,#NAME?,0.15,#NAME?,< 5,High,High,Obviously better than others,,,No,No,Yes,Yes,"$2,293",#NAME?,5049,192000,#NAME?,0.026296875,#NAME?,Pre-Profit,,Yes,3,1,Yes,No,No,No,2,15,6,0,,4,1,27,No,,,,,,,,,,,,,,,,,,,,,,,,,,,,,,,,,,,,,,,,,,,,,,4.00,,1.00,,27.00,#NAME?,,#NAME?,,,,#NAME?,Equity - Common,32.6%,Early,,#NAME?,#NAME?,#NAME?,#NAME?,No,,1.4,2.0,3.4,2.1,#NAME?,100%,1,45%,15,2%,Yes,28%,No,No,No,,Recurring,40%,B2B/B2C,28%,High,53%,Low,40%,,5.0,#NAME?,#NAME?,#NAME?,#NAME?,#NAME?,Pre-Profit,51%,,#NAME?,#NAME?,#NAME?,#NAME?,No,76%,0%,1%,0%,1%,,,#NAME?,#NAME?
Week 18 (4/27 - 5/3),Olivia,1790587,Fan Owned Club,,WeFunder,https://wefunder.com/fan.owned.club,https://disclosurequest.com/form/fan-owned-club-inc./0001670254-20-000237/?returnURL=,4/10/2020,"Fan Owned Club, Inc.",Fan Owned Club,"Nashville, TN","Media, Entertainment, Sports, & Publishing",Non-Tech,Early,Pre-Seed,RegCF,,Equity - Common,,,"$26,300,000",,,,26300000,#NAME?,Transactional,B2C,Life Style,No,High,Low,No,Fan-Owned European Football Clubs,4.885E+11,$250B-$500B,8686000000,$5B-$10B,0.043,#NAME?,40-50,Low,Low,Obviously worse than others,Low,High,No,No,No,No,$0,< $10K,3875,0,< $10K,1,90% - 100%,Pre-Revenue,,No,0,3,No,No,No,No,5,7,0,0,,0,0,40,Yes,,0,0,,Yes,,7,0,49,No,,,,,,,,,,,,,,,,,,,,,,,,,,,,,,,,,,,,,,,,,,,,,,,,,,,,,,,,,,,,,,,,,,,,,,,,,,,,,,,,,,,,,,,,,,,,,,,,,,,,,,,,,
Week 18 (4/27 - 5/3),Olivia,1810373,Ryca International,,StartEngine,https://www.startengine.com/ryca,https://www.sec.gov/Archives/edgar/data/1810373/000166516020000394/xslC_X01/primary_doc.xml,4/23/2020,"Ryca International, Inc.","Ryca International, Inc.","Los Angeles, CA",Consumer Goods & Services,Non-Tech,Early,Pre-Seed,RegCF,,Convertible Note,,,,"$8,000,000",20%,"$6,400,000",6400000,#NAME?,Transactional,B2B2C,Life Style,No,High,High,No,Oral Care,28000000000,$25B-$50B,1960000000,$1B-$5B,0.05,#NAME?,5-10,High,Low,Similar to others,Low,High,No,Yes,No,No,$0,< $10K,20874,760000,#NAME?,0.027,< 10%,Pre-Revenue,,Yes,2,2,No,No,No,No,2,5,0,0,,0,0,46,Yes,,40,0,,,,,,,,,,,,,,,,,,,,,,,,,,,,,,,,,,,,,,,,,,,20.00,,0.00,,46.00,#NAME?,,#NAME?,3.1,,,#NAME?,Convertible Note,13.3%,Early,,#NAME?,#NAME?,#NAME?,#NAME?,No,,2.9,1.0,3.9,2.5,#NAME?,100%,2,46%,5,13%,No,72%,No,No,No,,Transactional,60%,B2B2C,7%,High,53%,High,59%,,1.0,#NAME?,#NAME?,#NAME?,#NAME?,#NAME?,Pre-Revenue,20%,,3.0,#NAME?,#NAME?,#NAME?,Yes,23%,Low,56%,High,80%,,,#NAME?,#NAME?
Week 18 (4/27 - 5/3),Olivia,1805056,NanoVMs,,Republic,https://republic.co/nanovms,https://www.sec.gov/Archives/edgar/data/1805056/000180505620000001/xslC_X01/primary_doc.xml,4/23/2020,"NanoVMs, Inc.",NanoVMs,"San Fransisco, CA","Security, Cybersecurity, & Defense",HardwareTech,Early,Seed,RegCF,,SAFE,,,,"$12,000,000",10%,"$10,800,000",10800000,#NAME?,Recurring,B2B,High Growth,Yes,High,High,Yes,Global Cybersecurity,1.73E+11,$100B-$250B,2600000000,$1B-$5B,0.119,#NAME?,10-20,High,Low,Obviously better than others,High,High,No,Yes,Yes,Yes,"$32,100",$10K - $50K,61669,1860000,#NAME?,0.033,< 10%,Pre-Profit,,Yes,2,1,No,No,No,No,1,9,0,2,,8,0,39,No,,,,,,,,,,,,,,,,,,,,,,,,,,,,,,,,,,,,,,,,,,,,,,8.00,,0.00,,39.00,#NAME?,,#NAME?,2.1,,,#NAME?,SAFE,37.8%,Early,,#NAME?,#NAME?,#NAME?,#NAME?,No,,1.8,1.0,2.8,1.6,#NAME?,100%,1,46%,9,6%,No,72%,No,No,No,,Recurring,40%,B2B,24%,High,53%,High,59%,,5.0,#NAME?,#NAME?,#NAME?,#NAME?,#NAME?,Pre-Profit,51%,,3.0,#NAME?,#NAME?,#NAME?,Yes,23%,High,43%,High,80%,,,#NAME?,#NAME?
Week 18 (4/27 - 5/3),Olivia,1808208,Furry Fortune Movie,,StartEngine,https://www.startengine.com/furry-fortune-the-movie-llc,https://www.sec.gov/Archives/edgar/data/1808208/000166516020000371/xslC_X01/primary_doc.xml,4/23/2020,"Furry Fortune The Movie, LLC ",Furry Fortune The Movie,"Sherman Oaks, CA","Media, Entertainment, Sports, & Publishing",Non-Tech,Early,Pre-Seed,RegCF,,Equity - Common,,,,"$880,000",,,0,#NAME?,Transactional,B2C,Life Style,No,Low,High,No,US Films,38600000000,$25B-$50B,149000000,$100M-$250M,0.135,#NAME?,> 50,Low,Low,Obviously worse than others,Low,High,No,No,No,No,$0,< $10K,1249,0,< $10K,1,90% - 100%,Pre-Revenue,,No,0,1,No,No,No,No,0,5,0,0,,34,0,,,,,,,,,,,,,,,,,,,,,,,,,,,,,,,,,,,,,,,,,,,,,,,,34.00,,0.00,,#DIV/0!,#NAME?,,#NAME?,,,,#NAME?,Equity - Common,32.2%,Early,,#NAME?,#NAME?,#NAME?,#NAME?,No,,4.2,1.0,5.2,3.5,#NAME?,100%,1,46%,5,13%,No,72%,No,No,No,,Transactional,60%,B2C,41%,Low,47%,High,59%,,1.0,#NAME?,#NAME?,#NAME?,#NAME?,#NAME?,Pre-Revenue,20%,,#NAME?,#NAME?,#NAME?,#NAME?,No,77%,Low,56%,High,80%,,,#NAME?,#NAME?
Week 18 (4/27 - 5/3),Olivia,1713938,Authentically American,,NextSeed,https://www.nextseed.com/offerings/authentically-american,https://www.sec.gov/Archives/edgar/data/1713938/000171393820000001/xslC_X01/primary_doc.xml,4/21/2020,"Authentically American, LLC",Authentically American,"Brentwood, TN",Apparel & Fashion,Non-Tech,Early,Seed,RegCF,,SAFE,,,,"$7,500,000",20%,"$6,500,000",6500000,#NAME?,Transactional,B2C,Life Style,No,Low,Low,No,US Ecommerce Apparel,1.23736E+11,$100B-$250B,6185000,< $25M,0.044,#NAME?,20-30,Low,Low,Similar to others,Low,High,Yes,No,Yes,Yes,"$637,826",$500K - $1M,69891,480000,$100K - $500K,0.145,10% - 20%,Pre-Profit,,Yes,2,2,Yes,Yes,No,No,2,11,0,0,,9,0,49,Yes,,0,0,,,,,,,,,,,,,,,,,,,,,,,,,,,,,,,,,,,,,,,,,,,4.50,,0.00,,49.00,#NAME?,,#NAME?,3.1,,,#NAME?,SAFE,37.8%,Early,,#NAME?,#NAME?,#NAME?,#NAME?,Yes,,1.4,1.0,2.4,1.3,#NAME?,100%,2,46%,11,3%,Yes,28%,Yes,No,No,,Transactional,60%,B2C,41%,Low,47%,Low,41%,,5.0,#NAME?,#NAME?,#NAME?,#NAME?,#NAME?,Pre-Profit,51%,,#NAME?,#NAME?,#NAME?,#NAME?,No,77%,Low,56%,High,80%,,,#NAME?,#NAME?
Week 18 (4/27 - 5/3),Francis,1692429,ARdVRk Technologies,,SeedInvest,https://www.seedinvest.com/ardvrk.technologies/seed,https://www.sec.gov/Archives/edgar/data/1692429/000169242920000004/xslC_X01/primary_doc.xml,4/1/2020,"ARdVRk Technologies, Inc.",ARdVRk Technologies,"Princeton, NJ",Healthcare & Pharmaceuticals,HealthTech,Early,Seed,RegCF,RegD 506(C),Convertible Note,,,,"$10,000,000",20%,"$8,000,000",8000000,#NAME?,Recurring,B2B2C,High Growth,Yes,High,Low,No,AR & VR Healthcare Platform,4.15E+11,$250B-$500B,1574860424,$1B-$5B,0.29,#NAME?,20-30,Low,Low,Similar to others,High,High,No,No,Yes,Yes,"$256,679",#NAME?,31174,0,#NAME?,1,#NAME?,Pre-Profit,,No,0,1,No,No,No,No,2,3,5,0,,20,0,60,Yes,,10,0,38,No,,,,,,,,,,,,,,,,,,,,,,,,,,,,,,,,,,,,,,,,,15.00,,0.00,,49.00,#NAME?,,#NAME?,3.1,,,#NAME?,Convertible Note,13.3%,Early,,#NAME?,#NAME?,#NAME?,#NAME?,No,,2.4,1.0,3.4,2.1,#NAME?,100%,1,46%,3,9%,No,72%,No,No,No,,Recurring,40%,B2B2C,7%,High,53%,Low,41%,,5.0,#NAME?,#NAME?,#NAME?,#NAME?,#NAME?,Pre-Profit,51%,,#NAME?,#NAME?,#NAME?,#NAME?,No,77%,High,43%,High,80%,,,#NAME?,#NAME?
Week 18 (4/27 - 5/3),Francis,1799979,Buzzn,,Republic,https://republic.co/buzzn,https://www.sec.gov/Archives/edgar/data/1799979/000179997920000002/xslC_X01/primary_doc.xml,4/20/2020,"Urban Wag, LLC",Buzzn,"Brooklyn, New York",Pet Food and Services,Non-Tech,Early,Seed,RegCF,,SAFE,,,,"$4,000,000",0%,"$4,000,000",4000000,#NAME?,Transactional,B2C,Life Style,No,High,Low,No,CBD for Pets and People,4500000000,$1B-$5B,200000000,$100M-$250M,0.2,#NAME?,20-30,High,Low,Similar to others,Low,Low,No,No,Yes,Yes,"$55,724",#NAME?,12734.41,0,#NAME?,1,#NAME?,Pre-Profit,,Yes,3,2,No,Yes,Yes,No,3,2,3,0,,10,0,33,No,,10,0,38,No,,,,,,,,,,,,,,,,,,,,,,,,,,,,,,,,,,,,,,,,,10.00,,0.00,,35.50,#NAME?,,#NAME?,1.0,,,#NAME?,SAFE,37.8%,Early,,#NAME?,#NAME?,#NAME?,#NAME?,No,,2.0,1.0,3.0,1.7,#NAME?,100%,2,46%,2,16%,No,72%,Yes,Yes,No,,Transactional,60%,B2C,41%,High,53%,Low,41%,,5.0,#NAME?,#NAME?,#NAME?,#NAME?,#NAME?,Pre-Profit,51%,,3.0,#NAME?,#NAME?,#NAME?,No,77%,Low,56%,Low,19%,,,#NAME?,#NAME?
Week 18 (4/27 - 5/3),Francis,1793813,Pathbooks,,Republic,https://republic.co/pathbooks,https://www.sec.gov/Archives/edgar/data/1793813/000179381320000001/xslC_X01/primary_doc.xml,4/20/2020,Living a Book Inc,Pathbooks,"San Jose, CA","Education, Training, & Coaching",EdTech,Early,Seed,RegCF,,SAFE,,,,"$5,000,000",15%,"$4,250,000",4250000,#NAME?,Recurring,B2C,High Growth,Yes,Low,Low,Yes,Interactive Storytelling Platform for Children,80000000000,$50B-$100B,300000000,$250M-$500M,0.15,#NAME?,20-30,High,Low,Obviously better than others,Low,High,No,No,Yes,Yes,"$3,370",#NAME?,2116.41,0,#NAME?,1,#NAME?,Pre-Profit,,Yes,3,1,No,No,Yes,No,2,1,8,0,,1,0,30,No,,,,,,,,,,,,,,,,,,,,,,,,,,,,,,,,,,,,,,,,,,,,,,1.00,,0.00,,30.00,#NAME?,,#NAME?,2.6,,,#NAME?,SAFE,37.8%,Early,,#NAME?,#NAME?,#NAME?,#NAME?,No,,1.1,1.0,2.1,1.1,#NAME?,100%,1,46%,1,8%,No,72%,No,Yes,No,,Recurring,40%,B2C,41%,Low,47%,Low,41%,,5.0,#NAME?,#NAME?,#NAME?,#NAME?,#NAME?,Pre-Profit,51%,,3.0,#NAME?,#NAME?,#NAME?,No,77%,Low,56%,High,80%,,,#NAME?,#NAME?
Week 18 (4/27 - 5/3),Francis,1808106,EvolveHer,,StartEngine,https://www.startengine.com/evolveher,https://www.sec.gov/Archives/edgar/data/1808106/000166516020000332/xslC_X01/primary_doc.xml,4/20/2020,"EvolveHer, Inc",EvolveHer,"Chicago, IL","Education, Training, & Coaching",MarketplaceTech,Early,Seed,RegCF,,Equity - Common,,,"$4,500,000",,,,4500000,#NAME?,Transactional,B2B2C,Life Style,No,Low,Low,No,Hub & Marketplace for Women,1000000000,$1B-$5B,500000000,$500M-$1B,0.05,#NAME?,> 50,High,Low,Similar to others,Low,High,No,No,Yes,Yes,"$367,187",#NAME?,13896.83,0,#NAME?,1,#NAME?,Pre-Profit,,No,0,1,No,Yes,No,No,1,7,0,0,,12,0,38,No,,,,,,,,,,,,,,,,,,,,,,,,,,,,,,,,,,,,,,,,,,,,,,12.00,,0.00,,38.00,#NAME?,,#NAME?,,,,#NAME?,Equity - Common,32.2%,Early,,#NAME?,#NAME?,#NAME?,#NAME?,No,,2.1,1.0,3.1,1.9,#NAME?,100%,1,46%,7,4%,No,72%,Yes,No,No,,Transactional,60%,B2B2C,7%,Low,47%,Low,41%,,5.0,#NAME?,#NAME?,#NAME?,#NAME?,#NAME?,Pre-Profit,51%,,3.0,#NAME?,#NAME?,#NAME?,No,77%,Low,56%,High,80%,,,#NAME?,#NAME?
Week 18 (4/27 - 5/3),Francis,1744408,BionicLogic,,StartEngine,https://www.startengine.com/bioniclogic-inc,https://www.sec.gov/Archives/edgar/data/1744408/000166516020000328/xslC_X01/primary_doc.xml,4/20/2020,BIONICLOGIC INC,BioniceLogic,"Santa Monica, CA","Media, Entertainment, Sports, & Publishing",AdTech,Early,Seed,RegCF,,Equity - Common,,,"$9,773,510",,,,9773510,#NAME?,Transactional,B2B,High Growth,Yes,Low,Low,No,Online Games Advertising,70000000000,$50B-$100B,3000000000,$1B-$5B,0.14,#NAME?,10-20,Low,Low,Similar to others,High,High,No,No,Yes,Yes,"$5,105,222",#NAME?,0,1500000,#NAME?,1,#NAME?,Profitable,,Yes,5,1,No,No,No,No,1,8,0,0,,20,1,40,No,,,,,,,,,,,,,,,,,,,,,,,,,,,,,,,,,,,,,,,,,,,,,,20.00,,1.00,,40.00,#NAME?,,#NAME?,,,,#NAME?,Equity - Common,32.2%,Early,,#NAME?,#NAME?,#NAME?,#NAME?,No,,2.9,2.0,4.9,3.3,#NAME?,100%,1,46%,8,6%,No,72%,No,No,No,,Transactional,60%,B2B,24%,Low,47%,Low,41%,,5.0,#NAME?,#NAME?,#NAME?,#NAME?,#NAME?,Profitable,7%,,#NAME?,#NAME?,#NAME?,#NAME?,No,77%,High,43%,High,80%,,,#NAME?,#NAME?
Week 17 (4/20 - 4/26),Olivia,1804161,New Green,,Fundanna,https://fundanna.com/equity/offer-summary/NewGreen,https://www.sec.gov/Archives/edgar/data/1804161/000180416120000001/xslC_X01/primary_doc.xml,4/7/2020,New Green LLC,New Green LLC,,"Alcohol, Tobacco, & Recreational Drugs",Non-Tech,Early,Pre-Seed,RegCF,,Equity - Common,,,"$3,275,000",,,,3275000,$2M - $4M,Transactional,B2C,Life Style,No,Low,High,No,CBD and Hemp-Derived Consumer Goods,553700000,$500M-$1B,45078,$25M-$50M,0.44,#NAME?,> 50,Low,Low,Obviously worse than others,Low,High,No,No,No,No,$0,< $10K,802,0,< $10K,1,90% - 100%,Pre-Product,,No,0,2,Yes,Yes,Yes,No,1,2,0,0,,0,0,54,No,,0,0,42,No,,,,,,,,,,,,,,,,,,,,,,,,,,,,,,,,,,,,,,,,,0.00,,0.00,,48.00,#NAME?,,#NAME?,,,,#NAME?,Equity - Common,32.2%,Early,,#NAME?,#NAME?,#NAME?,#NAME?,No,,1.0,1.0,2.0,1.0,#NAME?,100%,2,46%,2,16%,Yes,28%,Yes,Yes,No,,Transactional,60%,B2C,41%,Low,47%,High,59%,,1.0,#NAME?,#NAME?,#NAME?,#NAME?,#NAME?,Pre-Product,22%,,#NAME?,#NAME?,#NAME?,#NAME?,No,77%,Low,56%,High,80%,,,#NAME?,#NAME?
Week 17 (4/20 - 4/26),Olivia,1807583,NYCE Co.,,WeFunder,https://wefunder.com/nyce,https://www.sec.gov/Archives/edgar/data/1807583/000167025420000215/xslC_X01/primary_doc.xml,3/30/2020,"NYCE Companies, Inc.",NYCE Co.,,Real Estate & Construction,FinTech,Early,Pre-Seed,RegCF,,SAFE,,,,"$25,000,000",20%,"$20,000,000",20000000,$18M - $20M,Transactional,B2C,Life Style,No,Low,High,No,,1.001E+11,$100B-$250B,1200000000,$1B-$5B,0.25,#NAME?,10-20,Low,Low,Similar to others,Low,High,Yes,No,No,No,$0,< $10K,0,0,< $10K,1,90% - 100%,Pre-Product,,No,0,2,No,No,Yes,Yes,2,4,1,0,,1,0,42,Yes,,0,0,28,No,,,,,,,,,,,,,,,,,,,,,,,,,,,,,,,,,,,,,,,,,0.50,,0.00,,35.00,#NAME?,,#NAME?,3.1,,,#NAME?,SAFE,37.8%,Early,,#NAME?,#NAME?,#NAME?,#NAME?,Yes,,1.0,1.0,2.0,1.0,#NAME?,100%,2,46%,4,12%,No,72%,No,Yes,Yes,,Transactional,60%,B2C,41%,Low,47%,High,59%,,1.0,#NAME?,#NAME?,#NAME?,#NAME?,#NAME?,Pre-Product,22%,,#NAME?,#NAME?,#NAME?,#NAME?,No,77%,Low,56%,High,80%,,,#NAME?,#NAME?
Week 17 (4/20 - 4/26),Olivia,1805018,Elemeno Helath,,Republic,https://republic.co/elemeno-health,https://www.sec.gov/Archives/edgar/data/1805018/000180501820000007/xslC_X01/primary_doc.xml,4/13/2020,"Elemeno Health, Inc.",Elemeno Health,,"Healthcare, Fitness, Wellness, & Pharmaceuticals",HealthTech,Early,Seed,RegCF,,SAFE,,,,"$12,000,000",0%,,12000000,$10M - $12M,Recurring,B2B,High Growth,Yes,High,Low,Yes,Medical Technology,4.3E+14,$250B-$500B,1400000000,$1B-$5B,0.132,#NAME?,< 5,High,Low,Obviously better than others,High,Low,Yes,No,Yes,Yes,"$603,763",$500K - $1M,93121,1420000,$1M - $2M,0.065,< 10%,Pre-Profit,,Yes,10,2,Yes,No,Yes,No,4,20,0,4,,20,0,53,Yes,,24,0,52,Yes,,,,,,,,,,,,,,,,,,,,,,,,,,,,,,,,,,,,,,,,,22.00,,0.00,,52.50,#NAME?,,#NAME?,1.0,,,#NAME?,SAFE,37.8%,Early,,#NAME?,#NAME?,#NAME?,#NAME?,Yes,,3.1,1.0,4.1,2.6,#NAME?,100%,2,46%,20,2%,Yes,28%,No,Yes,No,,Recurring,40%,B2B,24%,High,53%,Low,41%,,5.0,#NAME?,#NAME?,#NAME?,#NAME?,#NAME?,Pre-Profit,51%,,3.0,#NAME?,#NAME?,#NAME?,No,77%,High,43%,Low,19%,,,#NAME?,#NAME?
Week 17 (4/20 - 4/26),Olivia,1796790,Hello Baby,,Republic,https://republic.co/hello-baby,https://www.sec.gov/Archives/edgar/data/1796790/000179679020000001/xslC_X01/primary_doc.xml,4/15/2020,"HelloBaby, Inc.",Hello Baby,,"Healthcare, Fitness, Wellness, & Pharmaceuticals",HealthTech,Early,Seed,RegCF,,SAFE,,,,"$10,000,000",20%,"$8,000,000",8000000,$6M - $8M,Recurring,B2C,High Growth,Yes,High,Low,Yes,Parenthood Industry,3E+11,$250B-$500B,756000000,$500M-$1B,0.447,#NAME?,5-10,High,Low,Obviously better than others,Low,High,No,No,Yes,Yes,"$358,834",$100K - $500K,16530,1500000,$1M - $2M,0.011,< 10%,Pre-Profit,,Yes,2,2,Yes,No,No,No,3,14,0,3,,0,1,33,No,,0,0,30,No,,,,,,,,,,,,,,,,,,,,,,,,,,,,,,,,,,,,,,,,,0.00,,1.00,,31.50,#NAME?,,#NAME?,3.1,,,#NAME?,SAFE,37.8%,Early,,#NAME?,#NAME?,#NAME?,#NAME?,No,,1.0,2.0,3.0,1.8,#NAME?,100%,2,46%,14,3%,Yes,28%,No,No,No,,Recurring,40%,B2C,41%,High,53%,Low,41%,,5.0,#NAME?,#NAME?,#NAME?,#NAME?,#NAME?,Pre-Profit,51%,,3.0,#NAME?,#NAME?,#NAME?,No,77%,Low,56%,High,80%,,,#NAME?,#NAME?
Week 17 (4/20 - 4/26),Francis,1804789,Keyno,,WeFunder,https://wefunder.com/keyno.inc,https://www.sec.gov/Archives/edgar/data/1804789/000167025420000156/xslC_X01/primary_doc.xml,2/26/2020,"Keyno, Inc",Keyno,,"Security, Cybersecurity, and Defense",FinTech,Early,Pre-Seed,RegCF,,SAFE,,,,"$6,000,000",20%,"$4,800,000",4800000,$4M - $6M,Recurring,B2B,High Growth,Yes,High,Low,No,,6500000000,$5B-$10B,650000000,$10B-$25B,0.13,#NAME?,10-20,High,Low,Obviously better than others,High,Low,No,Yes,Yes,No,$0,< $10K,0,247397,$100K - $500K,1,90% - 100%,Pre-Revenue,,Yes,1,2,Yes,No,Yes,No,4,2,0,0,,6,0,60,No,,15,0,38,No,,,,,,,,,,,,,,,,,,,,,,,,,,,,,,,,,,,,,,,,,10.50,,0.00,,49.00,#NAME?,,#NAME?,3.1,,,#NAME?,SAFE,37.8%,Early,,#NAME?,#NAME?,#NAME?,#NAME?,No,,2.0,1.0,3.0,1.8,#NAME?,100%,2,46%,2,16%,Yes,28%,No,Yes,No,,Recurring,40%,B2B,24%,High,53%,Low,41%,,3.0,#NAME?,#NAME?,#NAME?,#NAME?,#NAME?,Pre-Revenue,20%,,3.0,#NAME?,#NAME?,#NAME?,Yes,23%,High,43%,Low,19%,,,#NAME?,#NAME?
Week 17 (4/20 - 4/26),Francis,1800203,MagNet Analytics,,WeFunder,https://wefunder.com/magnet.analytics,https://www.sec.gov/Archives/edgar/data/1800203/000167025420000151/xslC_X01/primary_doc.xml,2/20/2020,"MagNet Analytics, Inc.",MagNet Analytics,,Retail Shops & Department Stores,HardwareTech,Early,Pre-Seed,RegCF,,Equity - Preferred,,,"$6,800,000",,,,6800000,$6M - $8M,Transactional,B2B2C,High Growth,No,Low,High,No,,16729625000,$10B-$25B,1400000000,$500M-$1B,0.14,#NAME?,10-20,Low,High,Similar to others,High,High,No,Yes,Yes,Yes,"$21,349",$10K - $50K,27146,147845,$100K - $500K,0.1836,10% - 20%,Pre-Profit,,Yes,3,1,No,No,Yes,No,2,3,0,0,,10,1,52,Yes,,,,,,,,,,,,,,,,,,,,,,,,,,,,,,,,,,,,,,,,,,,,,,10.00,,1.00,,52.00,#NAME?,,#NAME?,,,,#NAME?,Equity - Preferred,6.7%,Early,,#NAME?,#NAME?,#NAME?,#NAME?,No,,2.0,2.0,4.0,2.5,#NAME?,100%,1,46%,3,9%,No,72%,No,Yes,No,,Transactional,60%,B2B2C,7%,Low,47%,High,59%,,5.0,#NAME?,#NAME?,#NAME?,#NAME?,#NAME?,Pre-Profit,51%,,3.0,#NAME?,#NAME?,#NAME?,Yes,23%,High,43%,High,80%,,,#NAME?,#NAME?
Week 17 (4/20 - 4/26),Francis,1808580,CellarStash,,SeedInvest,https://www.seedinvest.com/cellarstash/series.a/highlights,https://www.sec.gov/Archives/edgar/data/1808580/000180858020000001/xslC_X01/primary_doc.xml,4/10/2020,"CellarStash Wine Marketplace, Inc.",CellarStash,,"Alcohol, Tobacco, & Recreational Drugs",MarketplaceTech,Early,Seed,RegCF,RegD 506(C),Convertible Note,,,,"$6,000,000",20%,"$4,800,000",4800000,$4M - $6M,Transactional,B2C,High Growth,Yes,Low,Low,No,,70000000000,$50B-$100B,3000000000,$1B-$5B,0.11,#NAME?,10-20,Low,Low,Similar to others,Low,High,No,No,No,No,$0,< $10K,16633,0,< $10K,1,90% - 100%,Pre-Product,,Yes,2,2,Yes,Yes,No,No,2,2,0,0,,35,0,66,No,,,,,,,,,,,,,,,,,,,,,,,,,,,,,,,,,,,,,,,,,,,,,,35.00,,0.00,,66.00,#NAME?,,#NAME?,3.1,,,#NAME?,Convertible Note,13.3%,Early,,#NAME?,#NAME?,#NAME?,#NAME?,No,,4.3,1.0,5.3,3.6,#NAME?,100%,2,46%,2,16%,Yes,28%,Yes,No,No,,Transactional,60%,B2C,41%,Low,47%,Low,41%,,1.0,#NAME?,#NAME?,#NAME?,#NAME?,#NAME?,Pre-Product,22%,,#NAME?,#NAME?,#NAME?,#NAME?,No,77%,Low,56%,High,80%,,,#NAME?,#NAME?
,Olivia,1720258,StorEn Technologies,07/04/2019 8:55 AM,StartEngine,https://www.startengine.com/storen-technologies,https://www.sec.gov/Archives/edgar/data/1720258/000166516019000762/xslC_X01/primary_doc.xml,7/3/19,StorEn Technologies,StorEn Technologies,,Consumer Goods & Services,CleanTech,Early,Pre-Seed,RegCF,,Equity - Common,,,"$28,100,000",,,,28100000,#NAME?,Transactional,B2C,Life Style,No,Low,High,Yes,,8000000000,#NAME?,400000000,#NAME?,0.38,#NAME?,5-10,High,Low,Similar to others,High,High,Yes,No,No,No,$0,#NAME?,40745,659800,#NAME?,0.061753562,#NAME?,Pre-Revenue,,Yes,2,2,Yes,No,No,No,5,4,7,0,,1,0,53,No,,15,2,50,No,,,,,,,,,,,,,,,,,,,,,,,,,,,,,,,,,,,,,,,,,8.00,,2.00,,51.50,#NAME?,,#NAME?,,,,#NAME?,Equity - Common,32.2%,Early,,#NAME?,#NAME?,#NAME?,#NAME?,Yes,,1.8,3.0,4.8,3.2,#NAME?,100%,2,46%,4,12%,Yes,28%,No,No,No,,Transactional,60%,B2C,41%,Low,47%,High,59%,,1.0,#NAME?,#NAME?,#NAME?,#NAME?,#NAME?,Pre-Revenue,20%,,3.0,#NAME?,#NAME?,#NAME?,No,77%,High,43%,High,80%,,,#NAME?,#NAME?
,Olivia,1778006,Weeds Never Sleep,07/03/2019 11:08 AM,TruCrowd,https://us.trucrowd.com/equity/offer-summary/WeedsNeverSleep,https://disclosurequest.com/form/weeds-never-sleep-llc/0001778006-19-000001/?returnURL=,6/25/19,Weeds Never Sleep LLC,Weeds Never Sleep or HotZot,,Consumer Goods & Services,AgriTech,Early,Pre-Seed,RegCF,,SAFE,,,,"$2,500,000",0%,"$2,500,000",2500000,#NAME?,Transactional,B2C,Life Style,No,High,High,No,,16000000000,#NAME?,1000000000,#NAME?,0.027,#NAME?,5-10,High,Low,Similar to others,Low,High,No,Yes,No,No,$0,#NAME?,10483,0,#NAME?,1,#NAME?,Pre-Revenue,,No,0,2,No,Yes,No,No,3,2,3,0,,9,0,50,No,,,,,,,,,,,,,,,,,,,,,,,,,,,,,,,,,,,,,,,,,,,,,,9.00,,0.00,,50.00,#NAME?,,#NAME?,1.0,,,#NAME?,SAFE,37.8%,Early,,#NAME?,#NAME?,#NAME?,#NAME?,No,,1.9,1.0,2.9,1.7,#NAME?,100%,2,46%,2,16%,No,72%,Yes,No,No,,Transactional,60%,B2C,41%,High,53%,High,59%,,1.0,#NAME?,#NAME?,#NAME?,#NAME?,#NAME?,Pre-Revenue,20%,,3.0,#NAME?,#NAME?,#NAME?,Yes,23%,Low,56%,High,80%,,,#NAME?,#NAME?
,Olivia,1753677,Palouse Ag-Drone Services,07/11/2019 2:41 PM,Razitall,https://www.razitall.com/pitch/the-ag-drone-an-eye-in-the-sky-for-farmers,https://disclosurequest.com/form/palouse-ag-drone-services-llc/0001668287-18-000070/?returnURL=,10/04/2018,Palouse Ag-Drone Services LLC,The Ag-Drone,,Farming & Agriculture,AgriTech,Early,Pre-Seed,RegCF,,CAFES,,,,"$400,000",0%,"$400,000",400000,#NAME?,Transactional,B2C,Life Style,No,High,High,No,,5800000000,#NAME?,1200000000,#NAME?,0.314,#NAME?,5-10,Low,High,Similar to others,Low,High,No,No,No,No,$0,#NAME?,0,0,#NAME?,1,#NAME?,Pre-Product,,No,0,1,No,No,No,No,0,1,0,0,,0,0,45,No,,,,,,,,,,,,,,,,,,,,,,,,,,,,,,,,,,,,,,,,,,,,,,0.00,,0.00,,45.00,#NAME?,,#NAME?,1.0,,,#NAME?,CAFES,10.0%,Early,,#NAME?,#NAME?,#NAME?,#NAME?,No,,1.0,1.0,2.0,1.0,#NAME?,100%,1,46%,1,8%,No,72%,No,No,No,,Transactional,60%,B2C,41%,High,53%,High,59%,,1.0,#NAME?,#NAME?,#NAME?,#NAME?,#NAME?,Pre-Product,22%,,3.0,#NAME?,#NAME?,#NAME?,No,77%,Low,56%,High,80%,,,#NAME?,#NAME?
,Olivia,1765620,El Tinieblo International,07/13/2019 10:14 AM,StartEngine,https://www.startengine.com/el-tinieblo-international,https://www.sec.gov/Archives/edgar/data/1765620/000166516019000777/xslC_X01/primary_doc.xml,7/12/19,"El Tinieblo International, Inc. ",El Tinieblo International,,"Alcohol, Tobacco, & Recreational Drugs",Non-Tech,Early,Pre-Seed,RegCF,,Equity - Common,,,"$7,500,000",,,,7500000,#NAME?,Transactional,B2B2C,Life Style,No,Low,High,No,,1500000000,#NAME?,242000000,#NAME?,0.13,#NAME?,> 50,High,Low,Similar to others,Low,High,No,No,No,No,$0,#NAME?,564,0,#NAME?,1,#NAME?,Pre-Revenue,,Yes,1,1,No,No,No,No,1,9,1,0,,0,0,45,No,,,,,,,,,,,,,,,,,,,,,,,,,,,,,,,,,,,,,,,,,,,,,,0.00,,0.00,,45.00,#NAME?,,#NAME?,,,,#NAME?,Equity - Common,32.2%,Early,,#NAME?,#NAME?,#NAME?,#NAME?,No,,1.0,1.0,2.0,1.0,#NAME?,100%,1,46%,9,6%,No,72%,No,No,No,,Transactional,60%,B2B2C,7%,Low,47%,High,59%,,1.0,#NAME?,#NAME?,#NAME?,#NAME?,#NAME?,Pre-Revenue,20%,,3.0,#NAME?,#NAME?,#NAME?,No,77%,Low,56%,High,80%,,,#NAME?,#NAME?
,Olivia,1777377,Spero CBD,07/16/2019 10:34 AM,StartEngine,https://www.startengine.com/spero-cbd,https://www.sec.gov/Archives/edgar/data/1777377/000166516019000782/xslC_X01/primary_doc.xml,7/15/2019,Noble Naturals,Spero CBD,,"Alcohol, Tobacco, & Recreational Drugs",Non-Tech,Early,Pre-Seed,RegCF,,Convertible Note,,,,"$6,000,000",20%,"$4,800,000",4800000,#NAME?,Transactional,B2C,Life Style,Yes,High,High,No,,3.08E+11,#NAME?,270000000,#NAME?,0.44,#NAME?,20-30,High,Low,Similar to others,High,High,No,No,No,Yes,$140,#NAME?,2380,0,#NAME?,1,#NAME?,Pre-Profit,,No,0,4,No,Yes,No,No,3,8,1,0,,0,0,42,No,,15,0,,No,,0,0,42,Yes,,,,,,,,,,,,,,,,,,,,,,,,,,,,,,,,,,,,5.00,,0.00,,42.00,#NAME?,,#NAME?,3.1,,,#NAME?,Convertible Note,13.3%,Early,,#NAME?,#NAME?,#NAME?,#NAME?,No,,1.5,1.0,2.5,1.4,#NAME?,100%,4,4%,8,6%,No,72%,Yes,No,No,,Transactional,60%,B2C,41%,High,53%,High,59%,,5.0,#NAME?,#NAME?,#NAME?,#NAME?,#NAME?,Pre-Profit,51%,,3.0,#NAME?,#NAME?,#NAME?,No,77%,High,43%,High,80%,,,#NAME?,#NAME?
,Olivia,1654124,Rayton Solar,07/17/2019 10:21 AM,StartEngine,https://www.startengine.com/raytonone,https://www.sec.gov/Archives/edgar/data/1654124/000166516019000786/xslC_X01/primary_doc.xml,7/17/2019,Rayton Solar Inc.,Rayton,,Consumer Goods & Services,HardwareTech,Early,Series A,RegCF,,Convertible Note,,,,"$50,000,000",30%,"$35,000,000",35000000,#NAME?,Transactional,B2B,Life Style,No,High,High,No,,4.18E+11,#NAME?,888960150,#NAME?,0.11,#NAME?,10-20,High,High,Obviously better than others,High,Low,No,Yes,No,No,$0,#NAME?,214774,9300000,#NAME?,0.023093978,#NAME?,Pre-Product,,No,0,1,No,No,Yes,No,1,5,4,1,,11,0,34,Yes,,,,,,,,,,,,,,,,,,,,,,,,,,,,,,,,,,,,,,,,,,,,,,11.00,,0.00,,34.00,#NAME?,,#NAME?,4.2,,,#NAME?,Convertible Note,13.3%,Early,,#NAME?,#NAME?,#NAME?,#NAME?,No,,2.0,1.0,3.0,1.8,#NAME?,100%,1,46%,5,13%,No,72%,No,Yes,No,,Transactional,60%,B2B,24%,High,53%,High,59%,,1.0,#NAME?,#NAME?,#NAME?,#NAME?,#NAME?,Pre-Product,22%,,#NAME?,#NAME?,#NAME?,#NAME?,Yes,23%,High,43%,Low,19%,,,#NAME?,#NAME?
,Olivia,1782663,The Human Baton,07/18/2019 1:06 PM,NetCapital,https://netcapital.com/companies/thb,https://www.sec.gov/Archives/edgar/data/1782663/000166919119000236/xslC_X01/primary_doc.xml,7/18/2019,"THB Holdco, LLC.",The Human Baton,,"Media, Entertainment, Sports, & Publishing",Non-Tech,Early,Pre-Seed,RegCF,,Equity - Preferred,,,"$13,916,596",,,,13916596,#NAME?,Recurring,B2B,Life Style,No,High,High,No,,2.2E+12,#NAME?,100000000,#NAME?,0.035,#NAME?,> 50,Low,Low,Similar to others,High,High,No,No,No,No,$0,#NAME?,4492,0,#NAME?,1,#NAME?,Pre-Product,,No,0,2,Yes,No,No,No,3,11,0,0,,15,0,50,No,,15,0,50,No,,,,,,,,,,,,,,,,,,,,,,,,,,,,,,,,,,,,,,,,,15.00,,0.00,,50.00,#NAME?,,#NAME?,,,,#NAME?,Equity - Preferred,6.7%,Early,,#NAME?,#NAME?,#NAME?,#NAME?,No,,2.4,1.0,3.4,2.1,#NAME?,100%,2,46%,11,3%,Yes,28%,No,No,No,,Recurring,40%,B2B,24%,High,53%,High,59%,,1.0,#NAME?,#NAME?,#NAME?,#NAME?,#NAME?,Pre-Product,22%,,#NAME?,#NAME?,#NAME?,#NAME?,No,77%,High,43%,High,80%,,,#NAME?,#NAME?
,Olivia,1782651,Thalia Brands,07/18/2019 1:17 PM,StartEngine,https://www.startengine.com/thalia,https://www.startengine.com/thalia,7/18/2019,"Thalia Brands, Inc.",Thalia Brands,,Consumer Goods & Services,Non-Tech,Early,Pre-Seed,RegCF,,Equity - Common,,,"$8,000,000",,,,8000000,#NAME?,Transactional,B2C,Life Style,No,High,High,No,,1000000000,#NAME?,400000000,#NAME?,0.03,#NAME?,5-10,High,Low,Similar to others,Low,High,No,Yes,No,Yes,"$2,183,575",#NAME?,21203,0,#NAME?,1,#NAME?,Profitable,,Yes,1,2,No,Yes,No,No,1,14,1,0,,0,0,48,No,,0,0,17,No,,,,,,,,,,,,,,,,,,,,,,,,,,,,,,,,,,,,,,,,,0.00,,0.00,,32.50,#NAME?,,#NAME?,,,,#NAME?,Equity - Common,32.2%,Early,,#NAME?,#NAME?,#NAME?,#NAME?,No,,1.0,1.0,2.0,1.0,#NAME?,100%,2,46%,14,3%,No,72%,Yes,No,No,,Transactional,60%,B2C,41%,High,53%,High,59%,,5.0,#NAME?,#NAME?,#NAME?,#NAME?,#NAME?,Profitable,7%,,3.0,#NAME?,#NAME?,#NAME?,Yes,23%,Low,56%,High,80%,,,#NAME?,#NAME?
,Olivia,1781955,Dome Audio,07/29/2019 7:49 PM,NetCapital,https://netcapital.com/companies/dome-audio,https://www.sec.gov/Archives/edgar/data/1781955/000166919119000259/xslC_X01/primary_doc.xml,7/29/2019,"Dome Audio, Inc.",Dome Audio,,"Media, Entertainment, Sports, & Publishing",MediaTech,Early,Pre-Seed,RegCF,,Equity - Common,,,"$16,000,000",,,,16000000,#NAME?,Transactional,B2C,Life Style,No,Low,High,No,,10520000000,#NAME?,26300000,#NAME?,0.059,#NAME?,5-10,Low,Low,Similar to others,Low,High,No,Yes,No,No,$0,#NAME?,0,0,#NAME?,1,#NAME?,Pre-Revenue,,Yes,3,1,No,No,Yes,No,1,7,1,0,,20,0,55,No,,,,,,,,,,,,,,,,,,,,,,,,,,,,,,,,,,,,,,,,,,,,,,20.00,,0.00,,55.00,#NAME?,,#NAME?,,,,#NAME?,Equity - Common,32.2%,Early,,#NAME?,#NAME?,#NAME?,#NAME?,No,,2.9,1.0,3.9,2.5,#NAME?,100%,1,46%,7,4%,No,72%,No,Yes,No,,Transactional,60%,B2C,41%,Low,47%,High,59%,,1.0,#NAME?,#NAME?,#NAME?,#NAME?,#NAME?,Pre-Revenue,20%,,#NAME?,#NAME?,#NAME?,#NAME?,Yes,23%,Low,56%,High,80%,,,#NAME?,#NAME?
,Olivia,1706939,kulaBrands,08/05/2019 7:23 PM,TruCrowd,https://us.trucrowd.com/equity/offer-summary/kulaBrands,https://www.sec.gov/Archives/edgar/data/1706939/000170693919000002/xslC_X01/primary_doc.xml,8/1/2019,"kulaBrands, Inc.",kulaBrands,,Financial & Insurance Products & Services,FinTech,Early,Pre-Seed,RegCF,,Equity - Common,,,"$17,507,365",,,,17507365,#NAME?,Transactional,B2C,High Growth,Yes,Low,Low,No,,10200000000,#NAME?,781600000,#NAME?,0.054,#NAME?,10-20,Low,Low,Obviously worse than others,Low,High,Yes,Yes,Yes,Yes,"$1,258,601",#NAME?,4281.17,0,#NAME?,1,#NAME?,Pre-Profit,,No,0,1,No,No,No,No,0,19,1,0,,8,0,54,No,,,,,,,,,,,,,,,,,,,,,,,,,,,,,,,,,,,,,,,,,,,,,,8.00,,0.00,,54.00,#NAME?,,#NAME?,,,,#NAME?,Equity - Common,32.2%,Early,,#NAME?,#NAME?,#NAME?,#NAME?,Yes,,1.8,1.0,2.8,1.6,#NAME?,100%,1,46%,19,1%,No,72%,No,No,No,,Transactional,60%,B2C,41%,Low,47%,Low,41%,,5.0,#NAME?,#NAME?,#NAME?,#NAME?,#NAME?,Pre-Profit,51%,,#NAME?,#NAME?,#NAME?,#NAME?,Yes,23%,Low,56%,High,80%,,,#NAME?,#NAME?
,Olivia,1752964,Axleai,,Republic,https://republic.co/axle-ai,https://www.sec.gov/Archives/edgar/data/1752964/000175296420000003/xslC_X01/primary_doc.xml,3/16/2020,"Axle AI, Inc.",Axle.ai,,"Media, Entertainment, Sports, & Publishing",MediaTech,Early,Pre-Seed,RegCF,,SAFE,,,,"$7,000,000",20%,"$5,600,000",5600000,#NAME?,Recurring,B2B,High Growth,Yes,High,Low,Yes,,3.9E+11,#NAME?,5000000000,#NAME?,0.182,#NAME?,10-20,High,Low,Obviously better than others,Low,High,No,No,Yes,Yes,"$853,807",#NAME?,20734,377000,#NAME?,0.054997347,#NAME?,Pre-Profit,,No,0,1,No,No,No,No,1,11,0,4,,13,0,60,Yes,,,,,,,,,,,,,,,,,,,,,,,,,,,,,,,,,,,,,,,,,,,,,,13.00,,0.00,,60.00,#NAME?,,#NAME?,3.1,,,#NAME?,SAFE,37.8%,Early,,#NAME?,#NAME?,#NAME?,#NAME?,No,,2.2,1.0,3.2,2.0,#NAME?,100%,1,46%,11,3%,No,72%,No,No,No,,Recurring,40%,B2B,24%,High,53%,Low,41%,,5.0,#NAME?,#NAME?,#NAME?,#NAME?,#NAME?,Pre-Profit,51%,,3.0,#NAME?,#NAME?,#NAME?,No,77%,Low,56%,High,80%,,,#NAME?,#NAME?
,Olivia,1806624,"Bruno Albouze, Inc.",,StartEngine,https://www.startengine.com/bruno-albouze-inc,https://www.sec.gov/Archives/edgar/data/1806624/000166516020000225/xslC_X01/primary_doc.xml,3/13/2020,Bruno Albouze Inc.,Bruno Albouze,,"Food, Beverage, & Restaurants",Non-Tech,Early,Pre-Seed,RegCF,,Equity - Common,,,"$6,410,000",,,,6410000,#NAME?,Transactional,B2C,Life Style,No,Low,High,No,,2.038E+11,#NAME?,3000000000,#NAME?,0.03,#NAME?,> 50,Low,Low,Similar to others,Low,High,No,No,Yes,No,$0,#NAME?,0,0,#NAME?,1,#NAME?,Pre-Revenue,,No,0,1,No,No,No,Yes,0,1,0,0,,35,0,49,No,,,,,,,,,,,,,,,,,,,,,,,,,,,,,,,,,,,,,,,,,,,,,,35.00,,0.00,,49.00,#NAME?,,#NAME?,,,,#NAME?,Equity - Common,32.2%,Early,,#NAME?,#NAME?,#NAME?,#NAME?,No,,4.3,1.0,5.3,3.6,#NAME?,100%,1,46%,1,8%,No,72%,No,No,Yes,,Transactional,60%,B2C,41%,Low,47%,High,59%,,3.0,#NAME?,#NAME?,#NAME?,#NAME?,#NAME?,Pre-Revenue,20%,,#NAME?,#NAME?,#NAME?,#NAME?,No,77%,Low,56%,High,80%,,,#NAME?,#NAME?
,Olivia,1802409,FIREPIE,,WeFunder,https://wefunder.com/firepie,https://www.sec.gov/Archives/edgar/data/1802409/000167025420000099/xslC_X01/primary_doc.xml,2/10/2020,"Fasty Fresh, Inc.",FIREPIE,,"Food, Beverage, & Restaurants",Non-Tech,Early,Pre-Seed,RegCF,,SAFE,,,,"$4,500,000",20%,"$3,600,000",3600000,#NAME?,Transactional,B2C,Life Style,Yes,Low,High,No,,47000000000,#NAME?,10000000000,#NAME?,0.019,#NAME?,> 50,High,Low,Similar to others,Low,High,No,No,Yes,Yes,"$1,282,750",#NAME?,24193,435700,#NAME?,0.055526739,#NAME?,Pre-Profit,,No,0,1,No,No,No,No,1,5,0,2,,0,0,49,No,,,,,,,,,,,,,,,,,,,,,,,,,,,,,,,,,,,,,,,,,,,,,,0.00,,0.00,,49.00,#NAME?,,#NAME?,3.1,,,#NAME?,SAFE,37.8%,Early,,#NAME?,#NAME?,#NAME?,#NAME?,No,,1.0,1.0,2.0,1.0,#NAME?,100%,1,46%,5,13%,No,72%,No,No,No,,Transactional,60%,B2C,41%,Low,47%,High,59%,,5.0,#NAME?,#NAME?,#NAME?,#NAME?,#NAME?,Pre-Profit,51%,,3.0,#NAME?,#NAME?,#NAME?,No,77%,Low,56%,High,80%,,,#NAME?,#NAME?
,Olivia,1736388,R3 Printing,,StartEngine,https://www.startengine.com/r3printinginc,https://www.sec.gov/Archives/edgar/data/1736388/000166516020000248/xslC_X01/primary_doc.xml,3/17/2020,"R3 Printing, Inc.",R3 Printing,,Industrial Services,CommerceTech,Early,Pre-Seed,RegCF,,Convertible Note,,,,"$8,000,000",18%,"$6,560,000",6560000,#NAME?,Transactional,B2B,High Growth,Yes,High,High,Yes,,9900000000,#NAME?,8440000000,#NAME?,0.177,#NAME?,10-20,High,Low,Obviously better than others,Low,High,No,Yes,No,No,$0,#NAME?,14347,550000,#NAME?,0.026085455,#NAME?,Pre-Product,,Yes,7,1,No,No,No,No,2,5,1,2,,2,0,28,Yes,,,,,,,,,,,,,,,,,,,,,,,,,,,,,,,,,,,,,,,,,,,,,,2.00,,0.00,,28.00,#NAME?,,#NAME?,2.9,,,#NAME?,Convertible Note,13.3%,Early,,#NAME?,#NAME?,#NAME?,#NAME?,No,,1.2,1.0,2.2,1.1,#NAME?,100%,1,46%,5,13%,No,72%,No,No,No,,Transactional,60%,B2B,24%,High,53%,High,59%,,1.0,#NAME?,#NAME?,#NAME?,#NAME?,#NAME?,Pre-Product,22%,,3.0,#NAME?,#NAME?,#NAME?,Yes,23%,Low,56%,High,80%,,,#NAME?,#NAME?
,Olivia,1689683,Our Life Foods,,MicroVentures,https://app.microventures.com/crowdfunding/a-cajun-life,https://www.sec.gov/Archives/edgar/data/1689683/000168968320000002/xslC_X01/primary_doc.xml,3/18/2020,"Our Life Foods, Inc.",Our Life Foods,,"Food, Beverage, & Restaurants",Non-Tech,Early,Pre-Seed,RegCF,,Convertible Note,,,,"$4,000,000",20%,"$3,200,000",3200000,#NAME?,Transactional,B2B/B2C,Life Style,No,Low,High,Yes,,8.06E+11,#NAME?,12500000000,#NAME?,0.118,#NAME?,< 5,High,Low,Similar to others,Low,High,No,No,Yes,Yes,"$489,576",#NAME?,12123,0,#NAME?,1,#NAME?,Pre-Profit,,Yes,9,1,No,No,No,No,1,2,0,0,,9,0,39,No,,,,,,,,,,,,,,,,,,,,,,,,,,,,,,,,,,,,,,,,,,,,,,9.00,,0.00,,39.00,#NAME?,,#NAME?,3.1,,,#NAME?,Convertible Note,13.3%,Early,,#NAME?,#NAME?,#NAME?,#NAME?,No,,1.9,1.0,2.9,1.7,#NAME?,100%,1,46%,2,16%,No,72%,No,No,No,,Transactional,60%,B2B/B2C,28%,Low,47%,High,59%,,5.0,#NAME?,#NAME?,#NAME?,#NAME?,#NAME?,Pre-Profit,51%,,3.0,#NAME?,#NAME?,#NAME?,No,77%,Low,56%,High,80%,,,#NAME?,#NAME?
,Olivia,1807032,"Penny Luck Shoes, Inc.",,StartEngine,https://www.startengine.com/penny-luck,https://www.sec.gov/Archives/edgar/data/1807032/000166516020000258/xslC_X01/primary_doc.xml,3/19/2020,"Penny Luck Shoes, Inc.",Penny Luck Shoes,,Apparel & Fashion,Non-Tech,Early,Pre-Seed,RegCF,,Equity - Common,,,"$7,100,000",,,,7100000,#NAME?,Transactional,B2C,Life Style,No,Low,High,No,,2.076E+11,#NAME?,28800000,#NAME?,0.062,#NAME?,30-40,High,Low,Similar to others,Low,High,Yes,No,Yes,Yes,"$244,163",#NAME?,2256,0,#NAME?,1,#NAME?,Pre-Profit,,Yes,1,1,No,No,No,No,1,3,0,0,,0,0,30,Yes,,,,,,,,,,,,,,,,,,,,,,,,,,,,,,,,,,,,,,,,,,,,,,0.00,,0.00,,30.00,#NAME?,,#NAME?,,,,#NAME?,Equity - Common,32.2%,Early,,#NAME?,#NAME?,#NAME?,#NAME?,Yes,,1.0,1.0,2.0,1.0,#NAME?,100%,1,46%,3,9%,No,72%,No,No,No,,Transactional,60%,B2C,41%,Low,47%,High,59%,,5.0,#NAME?,#NAME?,#NAME?,#NAME?,#NAME?,Pre-Profit,51%,,3.0,#NAME?,#NAME?,#NAME?,No,77%,Low,56%,High,80%,,,#NAME?,#NAME?
,Olivia,1805193,Ouro Goods,,StartEngine,https://www.startengine.com/younggodbrands,https://www.sec.gov/Archives/edgar/data/1805193/000166516020000251/xslC_X01/primary_doc.xml,3/19/2020,Young God INC.,Ouro Goods,,Apparel & Fashion,Non-Tech,Early,Pre-Seed,RegCF,,Equity - Common,,,"$5,490,000",,,,5490000,#NAME?,Transactional,B2C,Life Style,No,Low,High,No,,25000000000,#NAME?,3600000000,#NAME?,0.065,#NAME?,20-30,Low,Low,Similar to others,Low,Low,No,No,Yes,Yes,"$492,684",#NAME?,2491,0,#NAME?,1,#NAME?,Pre-Profit,,No,0,1,No,No,No,No,1,2,0,0,,0,0,29,No,,,,,,,,,,,,,,,,,,,,,,,,,,,,,,,,,,,,,,,,,,,,,,0.00,,0.00,,29.00,#NAME?,,#NAME?,,,,#NAME?,Equity - Common,32.2%,Early,,#NAME?,#NAME?,#NAME?,#NAME?,No,,1.0,1.0,2.0,1.0,#NAME?,100%,1,46%,2,16%,No,72%,No,No,No,,Transactional,60%,B2C,41%,Low,47%,High,59%,,5.0,#NAME?,#NAME?,#NAME?,#NAME?,#NAME?,Pre-Profit,51%,,#NAME?,#NAME?,#NAME?,#NAME?,No,77%,Low,56%,Low,19%,,,#NAME?,#NAME?
,Olivia,1776308,Lifograph,02/18/2020 12:20 PM,WeFunder,https://wefunder.com/lifograph,https://www.sec.gov/Archives/edgar/data/1776308/000167025420000084/xslC_X01/primary_doc.xml,2/5/2020,"LIFOGRAPH, INC.",Lifograph,,"Business Services, Software, & Applications",MediaTech,Early,Pre-Seed,RegCF,,SAFE,,,,"$6,250,000",20%,"$5,000,000",5000000,#NAME?,Recurring,B2B,High Growth,Yes,High,Low,No,,46000000000,#NAME?,17000000000,#NAME?,0.14,#NAME?,5-10,High,Low,Similar to others,Low,High,No,No,Yes,Yes,"$52,525",#NAME?,944,513950,#NAME?,0.001836755,#NAME?,Pre-Profit,,No,0,1,No,Yes,No,No,2,13,3,0,,0,0,45,Yes,,,,,,,,,,,,,,,,,,,,,,,,,,,,,,,,,,,,,,,,,,,,,,0.00,,0.00,,45.00,#NAME?,,#NAME?,3.1,,,#NAME?,SAFE,37.8%,Early,,#NAME?,#NAME?,#NAME?,#NAME?,No,,1.0,1.0,2.0,1.0,#NAME?,100%,1,46%,13,2%,No,72%,Yes,No,No,,Recurring,40%,B2B,24%,High,53%,Low,41%,,5.0,#NAME?,#NAME?,#NAME?,#NAME?,#NAME?,Pre-Profit,51%,,3.0,#NAME?,#NAME?,#NAME?,No,77%,Low,56%,High,80%,,,#NAME?,#NAME?
,Olivia,1799584,Wearwell,02/19/2020 11:03 AM,Republic,https://republic.co/wearwell,https://www.sec.gov/Archives/edgar/data/1799584/000179958420000003/xslC_X01/primary_doc.xml,2/14/2020,"Wearwell, Inc.",Wearwell,,Apparel & Fashion,Non-Tech,Early,Pre-Seed,RegCF,,SAFE,,,,"$8,000,000",10%,"$7,200,000",7200000,#NAME?,Recurring,B2C,Life Style,Yes,High,High,No,,3.6E+11,#NAME?,37000000000,#NAME?,0.092,#NAME?,10-20,High,Low,Similar to others,Low,High,Yes,No,Yes,Yes,"$56,258",#NAME?,5555,200000,#NAME?,0.027775,#NAME?,Pre-Profit,,Yes,0,2,Yes,Yes,No,No,3,3,0,0,,15,0,33,Yes,,3,0,34,Yes,,,,,,,,,,,,,,,,,,,,,,,,,,,,,,,,,,,,,,,,,9.00,,0.00,,33.50,#NAME?,,#NAME?,2.1,,,#NAME?,SAFE,37.8%,Early,,#NAME?,#NAME?,#NAME?,#NAME?,Yes,,1.9,1.0,2.9,1.7,#NAME?,100%,2,46%,3,9%,Yes,28%,Yes,No,No,,Recurring,40%,B2C,41%,High,53%,High,59%,,5.0,#NAME?,#NAME?,#NAME?,#NAME?,#NAME?,Pre-Profit,51%,,3.0,#NAME?,#NAME?,#NAME?,No,77%,Low,56%,High,80%,,,#NAME?,#NAME?
,Olivia,1708246,Jetoptera,02/20/2020 10:25 AM,Microventures,https://app.microventures.com/crowdfunding/jetoptera,https://www.sec.gov/Archives/edgar/data/1708246/000170824620000001/xslC_X01/primary_doc.xml,2/19/2020,"Jetoptera, Inc.",Jetoptera,,"Transportation, Automotive, Aviation, & Aerospace",HardwareTech,Early,Seed,RegCF,,Convertible Note,,,,"$22,000,000",20%,"$17,600,000",17600000,#NAME?,Transactional,B2B,Life Style,Yes,Low,High,Yes,,7100000000,#NAME?,3500000000,#NAME?,0.058,#NAME?,< 5,Low,Low,Similar to others,High,Low,No,Yes,No,No,$0,#NAME?,138175,4900000,#NAME?,0.02819898,#NAME?,Pre-Revenue,,Yes,2,3,No,Yes,No,No,7,5,0,0,,0,0,42,Yes,,14,0,39,Yes,,0,0,59,Yes,,,,,,,,,,,,,,,,,,,,,,,,,,,,,,,,,,,,4.67,,0.00,,46.67,#NAME?,,#NAME?,3.1,,,#NAME?,Convertible Note,13.3%,Early,,#NAME?,#NAME?,#NAME?,#NAME?,No,,1.4,1.0,2.4,1.3,#NAME?,100%,3,4%,5,13%,No,72%,Yes,No,No,,Transactional,60%,B2B,24%,Low,47%,High,59%,,1.0,#NAME?,#NAME?,#NAME?,#NAME?,#NAME?,Pre-Revenue,20%,,#NAME?,#NAME?,#NAME?,#NAME?,Yes,23%,High,43%,Low,19%,,,#NAME?,#NAME?
,Olivia,1806364,Mevo,,WeFunder,https://wefunder.com/mevo,https://www.sec.gov/Archives/edgar/data/1806364/000167025420000189/xslC_X01/primary_doc.xml,3/16/2020,"Mevo, Inc.",Mevo,,"Media, Entertainment, Sports, & Publishing",HardwareTech,Early,Pre-Seed,RegCF,,Equity - Preferred,,,"$12,000,000",,,,12000000,#NAME?,Transactional,B2C,Life Style,Yes,Low,High,No,,1.84E+11,#NAME?,42600000000,#NAME?,0.204,#NAME?,5-10,High,Low,Obviously better than others,Low,High,No,No,Yes,Yes,"$4,428,320",#NAME?,261255,3274790,#NAME?,0.079777635,#NAME?,Pre-Profit,,Yes,1,1,No,No,No,No,0,27,0,1,,11,1,42,No,,,,,,,,,,,,,,,,,,,,,,,,,,,,,,,,,,,,,,,,,,,,,,11.00,,1.00,,42.00,#NAME?,,#NAME?,,,,#NAME?,Equity - Preferred,6.7%,Early,,#NAME?,#NAME?,#NAME?,#NAME?,No,,2.0,2.0,4.0,2.6,#NAME?,100%,1,46%,27,1%,No,72%,No,No,No,,Transactional,60%,B2C,41%,Low,47%,High,59%,,5.0,#NAME?,#NAME?,#NAME?,#NAME?,#NAME?,Pre-Profit,51%,,3.0,#NAME?,#NAME?,#NAME?,No,77%,Low,56%,High,80%,,,#NAME?,#NAME?
,Olivia,1803906,TrustFund,,NetCapital,https://netcapital.com/companies/trustfund,https://www.sec.gov/Archives/edgar/data/1803906/000166919120000138/xslC_X01/primary_doc.xml,3/25/2020,"Impact X Partners, LLC",TrustFund,,Financial & Insurance Products & Services,FinTech,Early,Seed,RegCF,,Equity - Common,,,"$2,500,000",,,,2500000,#NAME?,Recurring,B2C,High Growth,Yes,Low,Low,No,,1.001E+11,#NAME?,5180000000,#NAME?,0.07,#NAME?,20-30,Low,Low,Obviously worse than others,Low,High,No,No,No,No,$0,#NAME?,3685,600000,#NAME?,0.006141667,#NAME?,Pre-Revenue,,Yes,10,2,No,No,No,No,2,4,0,0,,0,0,35,Yes,,20,0,45,Yes,,,,,,,,,,,,,,,,,,,,,,,,,,,,,,,,,,,,,,,,,10.00,,0.00,,40.00,#NAME?,,#NAME?,,,,#NAME?,Equity - Common,32.2%,Early,,#NAME?,#NAME?,#NAME?,#NAME?,No,,2.0,1.0,3.0,1.7,#NAME?,100%,2,46%,4,12%,No,72%,No,No,No,,Recurring,40%,B2C,41%,Low,47%,Low,41%,,1.0,#NAME?,#NAME?,#NAME?,#NAME?,#NAME?,Pre-Revenue,20%,,#NAME?,#NAME?,#NAME?,#NAME?,No,77%,Low,56%,High,80%,,,#NAME?,#NAME?
,Olivia,1759403,GRIT BXNG,,Republic,https://republic.co/grit,https://www.sec.gov/Archives/edgar/data/1759403/000121390020007152/xslC_X01/primary_doc.xml,3/23/2020,"Work Hard Play Hard Train Hard, Inc.",GRIT BXNG,,"Healthcare, Fitness, Wellness, & Pharmaceuticals",Non-Tech,Growth,Seed,RegCF,,Equity - Common,,,"$15,000,000",,,,15000000,#NAME?,Transactional,B2C,Life Style,Yes,Low,High,No,,80000000000,#NAME?,9100000000,#NAME?,0.078,#NAME?,10-20,High,Low,Similar to others,Low,High,No,No,Yes,Yes,$0,#NAME?,53663,5000000,#NAME?,0.0107326,#NAME?,Profitable,,No,0,3,Yes,Yes,No,No,5,12,0,7,,0,0,66,No,,0,0,25,Yes,,0,0,21,Yes,,,,,,,,,,,,,,,,,,,,,,,,,,,,,,,,,,,,0.00,,0.00,,37.33,#NAME?,,#NAME?,,,,#NAME?,Equity - Common,32.2%,Growth,,#NAME?,#NAME?,#NAME?,#NAME?,No,,1.0,1.0,2.0,1.0,#NAME?,100%,3,4%,12,1%,Yes,28%,Yes,No,No,,Transactional,60%,B2C,41%,Low,47%,High,59%,,5.0,#NAME?,#NAME?,#NAME?,#NAME?,#NAME?,Profitable,7%,,3.0,#NAME?,#NAME?,#NAME?,No,77%,Low,56%,High,80%,,,#NAME?,#NAME?
,Olivia,1789874,SideHustle App,,WeFunder,https://wefunder.com/sidehustle.app,https://www.sec.gov/Archives/edgar/data/1789874/000167025420000184/xslC_X01/primary_doc.xml,3/13/2020,SideHustle App Inc,SideHustle App,,Marketing & Advertising,CommerceTech,Early,Pre-Seed,RegCF,,SAFE,,,,"$2,400,000",20%,"$1,920,000",1920000,#NAME?,Transactional,B2B,High Growth,Yes,Low,Low,No,,3.378E+11,#NAME?,11000000000,#NAME?,0.229,#NAME?,> 50,Low,Low,Obviously worse than others,Low,High,No,No,Yes,Yes,"$26,316",#NAME?,2619,0,#NAME?,1,#NAME?,Pre-Profit,,No,0,1,No,No,Yes,No,0,5,0,0,,0,0,42,No,,,,,,,,,,,,,,,,,,,,,,,,,,,,,,,,,,,,,,,,,,,,,,0.00,,0.00,,42.00,#NAME?,,#NAME?,3.1,,,#NAME?,SAFE,37.8%,Early,,#NAME?,#NAME?,#NAME?,#NAME?,No,,1.0,1.0,2.0,1.0,#NAME?,100%,1,46%,5,13%,No,72%,No,Yes,No,,Transactional,60%,B2B,24%,Low,47%,Low,41%,,5.0,#NAME?,#NAME?,#NAME?,#NAME?,#NAME?,Pre-Profit,51%,,#NAME?,#NAME?,#NAME?,#NAME?,No,77%,Low,56%,High,80%,,,#NAME?,#NAME?
,Olivia,1776458,Kazoo,,WeFunder,https://wefunder.com/kazoo,https://www.sec.gov/Archives/edgar/data/1776458/000167025420000119/xslC_X01/primary_doc.xml,2/18/2020,Kazoo LLC,Kazoo,,"Media, Entertainment, Sports, & Publishing",MediaTech,Early,Pre-Seed,RegCF,,Convertible Note,,,,"$2,750,000",20%,"$2,200,000",2200000,$2M - $4M,Recurring,B2B/B2C,High Growth,Yes,High,Low,No,,12900000000,$10B-$25B,446000000,$250M-$500M,0.16,#NAME?,5-10,Low,High,Obviously worse than others,Low,High,No,No,No,No,$0,< $10K,10852,434179,$100K - $500K,0.025,< 10%,Pre-Revenue,,Yes,2,2,No,Yes,Yes,No,2,5,0,2,,2,0,42,No,,0,0,,Yes,,,,,,,,,,,,,,,,,,,,,,,,,,,,,,,,,,,,,,,,,1.00,,0.00,,42.00,#NAME?,,#NAME?,3.1,,,#NAME?,Convertible Note,13.3%,Early,,#NAME?,#NAME?,#NAME?,#NAME?,No,,1.1,1.0,2.1,1.1,#NAME?,100%,2,46%,5,13%,No,72%,Yes,Yes,No,,Recurring,40%,B2B/B2C,28%,High,53%,Low,41%,,1.0,#NAME?,#NAME?,#NAME?,#NAME?,#NAME?,Pre-Revenue,20%,,3.0,#NAME?,#NAME?,#NAME?,No,77%,Low,56%,High,80%,,,#NAME?,#NAME?
,Olivia,1804160,Next Door Photos,,WeFunder,https://wefunder.com/next.door.photos,https://www.sec.gov/Archives/edgar/data/1804160/000167025420000193/xslC_X01/primary_doc.xml,3/19/2020,"3DMia, LLC",Next Door Photos,,Marketing & Advertising,MarketplaceTech,Early,Seed,RegCF,,Equity - Common,,,"$8,000,000",,,,8000000,$6M - $8M,Transactional,B2B,Life Style,Yes,High,Low,No,,2000000000,$1B-$5B,74000000,$50M-$100M,0.095,#NAME?,5-10,High,High,Obviously better than others,Low,High,No,No,Yes,Yes,"$931,839",$500K - $1M,51577,1685000,$1M - $2M,0.0306,< 10%,Pre-Profit,,Yes,300,2,No,No,No,No,2,66,0,1,,0,0,53,No,,0,0,33,No,,,,,,,,,,,,,,,,,,,,,,,,,,,,,,,,,,,,,,,,,0.00,,0.00,,43.00,#NAME?,,#NAME?,,,,#NAME?,Equity - Common,32.2%,Early,,#NAME?,#NAME?,#NAME?,#NAME?,No,,1.0,1.0,2.0,1.0,#NAME?,100%,2,46%,66,1%,No,72%,No,No,No,,Transactional,60%,B2B,24%,High,53%,Low,41%,,5.0,#NAME?,#NAME?,#NAME?,#NAME?,#NAME?,Pre-Profit,51%,,#NAME?,#NAME?,#NAME?,#NAME?,No,77%,Low,56%,High,80%,,,#NAME?,#NAME?
,Olivia,1804004,Clear Genius,,StartEngine,https://www.startengine.com/clear-genius,https://www.sec.gov/Archives/edgar/data/1804004/000166516020000276/xslC_X01/primary_doc.xml,3/27/2020,Clear Genius Inc.,Clear Genius,,Consumer Goods & Services,Non-Tech,Early,Pre-Seed,RegCF,,Equity - Common,,,,"$5,500,000",,"$5,500,000",5500000,$4M - $6M,Recurring,B2C,Life Style,No,Low,High,No,,8600000000,$5B-$10B,2000000000,$1B-$5B,0.159,#NAME?,5-10,Low,Low,Similar to others,Low,High,Yes,Yes,Yes,Yes,"$266,848",$100K - $500K,37415,0,< $10K,1,90% - 100%,Pre-Profit,,No,0,1,No,No,No,No,1,8,1,0,,0,0,42,No,,,,,,,,,,,,,,,,,,,,,,,,,,,,,,,,,,,,,,,,,,,,,,0.00,,0.00,,42.00,#NAME?,,#NAME?,,,,#NAME?,Equity - Common,32.2%,Early,,#NAME?,#NAME?,#NAME?,#NAME?,Yes,,1.0,1.0,2.0,1.0,#NAME?,100%,1,46%,8,6%,No,72%,No,No,No,,Recurring,40%,B2C,41%,Low,47%,High,59%,,5.0,#NAME?,#NAME?,#NAME?,#NAME?,#NAME?,Pre-Profit,51%,,#NAME?,#NAME?,#NAME?,#NAME?,Yes,23%,Low,56%,High,80%,,,#NAME?,#NAME?
,Olivia,1808015,Infinovate,,NetCapital,https://netcapital.com/companies/infinovate,https://www.sec.gov/Archives/edgar/data/1808015/000166919120000164/xslC_X01/primary_doc.xml,4/7/2020,Infinovate LLC,Infinovate,,Financial & Insurance Products & Services,FinTech,Early,Pre-Seed,RegCF,,Equity - Common,,,,"$10,000,000",,"$10,000,000",10000000,$8M - $10M,Recurring,B2B,High Growth,Yes,High,Low,No,,1.2766E+11,$100B-$250B,3000000000,$1B-$5B,0.1152,#NAME?,20-30,Low,Low,Obviously worse than others,Low,High,No,No,No,No,$0,< $10K,52766,0,< $10K,1,90% - 100%,Pre-Product,,No,0,1,No,Yes,No,No,1,4,0,0,,17,0,40,Yes,,,,,,,,,,,,,,,,,,,,,,,,,,,,,,,,,,,,,,,,,,,,,,17.00,,0.00,,40.00,#NAME?,,#NAME?,,,,#NAME?,Equity - Common,32.2%,Early,,#NAME?,#NAME?,#NAME?,#NAME?,No,,2.6,1.0,3.6,2.3,#NAME?,100%,1,46%,4,12%,No,72%,Yes,No,No,,Recurring,40%,B2B,24%,High,53%,Low,41%,,1.0,#NAME?,#NAME?,#NAME?,#NAME?,#NAME?,Pre-Product,22%,,#NAME?,#NAME?,#NAME?,#NAME?,No,77%,Low,56%,High,80%,,,#NAME?,#NAME?
,Olivia,1738026,Reflex Protect,,Republic,https://republic.co/reflex-protect,https://www.sec.gov/Archives/edgar/data/1738026/000173802620000002/xslC_X01/primary_doc.xml,4/9/2020,"Reflex Red Storm, LLC",Reflex Protect,,Consumer Goods & Services,Non-Tech,Growth,Seed,RegCF,,SAFE,,,,"$9,000,000",0%,"$9,000,000",9000000,$8M - $10M,Transactional,B2B/B2C,Life Style,No,High,High,No,,2400000000,$1B-$5B,26000000,$25M-$50M,0.15,#NAME?,< 5,High,Low,Obviously better than others,High,Low,Yes,Yes,Yes,Yes,"$238,234",$100K - $500K,37509,1125000,$1M - $2M,0.0333,< 10%,Pre-Profit,,Yes,76,2,No,No,No,No,2,8,0,1,,0,0,55,Yes,,0,0,,,,,,,,,,,,,,,,,,,,,,,,,,,,,,,,,,,,,,,,,,,0.00,,0.00,,55.00,#NAME?,,#NAME?,1.0,,,#NAME?,SAFE,37.8%,Growth,,#NAME?,#NAME?,#NAME?,#NAME?,Yes,,1.0,1.0,2.0,1.0,#NAME?,100%,2,46%,8,6%,No,72%,No,No,No,,Transactional,60%,B2B/B2C,28%,High,53%,High,59%,,5.0,#NAME?,#NAME?,#NAME?,#NAME?,#NAME?,Pre-Profit,51%,,3.0,#NAME?,#NAME?,#NAME?,Yes,23%,High,43%,Low,19%,,,#NAME?,#NAME?
,Francis,1786855,College Coaching Network,,NetCapital,https://netcapital.com/companies/college-coaching-network,https://www.sec.gov/Archives/edgar/data/1786855/000166919120000144/xslC_X01/primary_doc.xml,3/27/2020,College Coaching Network Inc.,College Coaching Network,,"Education, Training, & Coaching",EdTech,Early,Seed,RegCF,,Equity - Common,,,"$2,529,820",,,,2529820,$2M - $4M,Recurring,B2B,High Growth,Yes,High,Low,No,,1000000000,$1B-$5B,300000000,$250M-$500M,0.15,#NAME?,10-20,High,Low,Obviously better than others,High,High,No,No,Yes,Yes,"$15,000",$10K - $50K,0,0,< $10K,1,90% - 100%,Profitable,,Yes,15,2,No,No,Yes,No,2,7,2,0,,2,0,45,No,,5,0,45,No,,,,,,,,,,,,,,,,,,,,,,,,,,,,,,,,,,,,,,,,,3.50,,0.00,,45.00,#NAME?,,#NAME?,,,,#NAME?,Equity - Common,32.2%,Early,,#NAME?,#NAME?,#NAME?,#NAME?,No,,1.3,1.0,2.3,1.3,#NAME?,100%,2,46%,7,4%,No,72%,No,Yes,No,,Recurring,40%,B2B,24%,High,53%,Low,41%,,5.0,#NAME?,#NAME?,#NAME?,#NAME?,#NAME?,Profitable,7%,,3.0,#NAME?,#NAME?,#NAME?,No,77%,High,43%,High,80%,,,#NAME?,#NAME?
,Francis,1807984,All ebt Foundation,,Republic,https://republic.co/all_ebt,https://www.sec.gov/Archives/edgar/data/1807984/000180798420000003/xslC_X01/primary_doc.xml,3/30/2020,All ebt Foundation,All_ebt,,"Food, Beverage, & Restaurants",FinTech,Early,Pre-Seed,RegCF,,SAFE,,,,"$5,000,000",0%,"$5,000,000",5000000,$4M - $6M,Recurring,B2C,High Growth,Yes,Low,Low,No,,50000000000,$50B-$100B,5000000000,$5B-$10B,0.2,#NAME?,< 5,High,High,Obviously better than others,High,Low,Yes,No,No,No,$0,< $10K,0,0,< $10K,1,90% - 100%,Pre-Product,,No,0,2,No,No,Yes,No,2,2,3,2,,3,0,36,No,,0,0,20,Yes,,,,,,,,,,,,,,,,,,,,,,,,,,,,,,,,,,,,,,,,,1.50,,0.00,,28.00,#NAME?,,#NAME?,1.0,,,#NAME?,SAFE,37.8%,Early,,#NAME?,#NAME?,#NAME?,#NAME?,Yes,,1.1,1.0,2.1,1.1,#NAME?,100%,2,46%,2,16%,No,72%,No,Yes,No,,Recurring,40%,B2C,41%,Low,47%,Low,41%,,1.0,#NAME?,#NAME?,#NAME?,#NAME?,#NAME?,Pre-Product,22%,,#NAME?,#NAME?,#NAME?,#NAME?,No,77%,High,43%,Low,19%,,,#NAME?,#NAME?
,Francis,1807742,CricClubs,,Republic,https://republic.co/cricclubs,https://www.sec.gov/Archives/edgar/data/1807742/000180774220000002/xslC_X01/primary_doc.xml,3/27/2020,CricClubs Inc,CricClubs,,Computer Software,MarketplaceTech,Early,Seed,RegCF,,SAFE,,,,"$12,500,000",20%,"$10,000,000",10000000,$8M - $10M,Transactional,B2C,High Growth,Yes,Low,Low,No,,50000000000,$50B-$100B,10000000000,$10B-$25B,-0.01,#NAME?,5-10,Low,Low,Similar to others,Low,High,No,No,Yes,Yes,"$574,457",$500K - $1M,4000,205000,$100K - $500K,0.0195,< 10%,Pre-Profit,,Yes,2,2,No,No,Yes,No,4,5,0,0,,8,0,40,No,,10,0,40,No,,,,,,,,,,,,,,,,,,,,,,,,,,,,,,,,,,,,,,,,,9.00,,0.00,,40.00,#NAME?,,#NAME?,3.1,,,#NAME?,SAFE,37.8%,Early,,#NAME?,#NAME?,#NAME?,#NAME?,No,,1.9,1.0,2.9,1.7,#NAME?,100%,2,46%,5,13%,No,72%,No,Yes,No,,Transactional,60%,B2C,41%,Low,47%,Low,41%,,5.0,#NAME?,#NAME?,#NAME?,#NAME?,#NAME?,Pre-Profit,51%,,#NAME?,#NAME?,#NAME?,#NAME?,No,77%,Low,56%,High,80%,,,#NAME?,#NAME?
,Francis,1804169,Indy Brand Clothing,,WeFunder,https://wefunder.com/indy.brand,https://www.sec.gov/Archives/edgar/data/1804169/000167025420000181/xslC_X01/primary_doc.xml,3/3/2020,"Indy Brand Clothing, LLC",Indy Brand Clothing,,Apparel & Fashion,Non-Tech,Early,Seed,RegCF,,Equity - Common,,,"$5,000,000",,,,5000000,$4M - $6M,Transactional,B2C,Life Style,No,Low,High,No,,12700000000,$10B-$25B,100000000,$100M-$250M,0.04,#NAME?,40-50,Low,Low,Similar to others,Low,High,No,No,Yes,Yes,"$1,639,949",$1M - $2M,0,219000,$100K - $500K,1,90% - 100%,Profitable,,No,0,4,Yes,Yes,No,No,3,4,0,0,,8,0,35,No,,2,0,35,No,,5,0,35,No,,3,0,35,No,,,,,,,,,,,,,,,,,,,,,,,,,,,,,,,4.50,,0.00,,35.00,#NAME?,,#NAME?,,,,#NAME?,Equity - Common,32.2%,Early,,#NAME?,#NAME?,#NAME?,#NAME?,No,,1.4,1.0,2.4,1.3,#NAME?,100%,4,4%,4,12%,Yes,28%,Yes,No,No,,Transactional,60%,B2C,41%,Low,47%,High,59%,,5.0,#NAME?,#NAME?,#NAME?,#NAME?,#NAME?,Profitable,7%,,#NAME?,#NAME?,#NAME?,#NAME?,No,77%,Low,56%,High,80%,,,#NAME?,#NAME?
,Francis,1759081,Solutions Vending International,,StartEngine,https://www.startengine.com/popcom,https://www.sec.gov/Archives/edgar/data/1759081/000166516020000288/xslC_X01/primary_doc.xml,3/31/2020,"Solutions Vending International, Inc.",Solutions Vending International,,Retail,RetailTech,Early,Seed,RegCF,,Equity - Common,,,"$25,000,000",,,,25000000,$24M - $26M,Recurring,B2B,High Growth,Yes,High,High,No,,25000000000,$25B-$50B,1000000000,$1B-$5B,0.09,#NAME?,5-10,High,Low,Obviously better than others,High,Low,No,No,Yes,Yes,$0,< $10K,61642,1800000,$1M - $2M,0.0342,< 10%,Pre-Profit,,Yes,1,1,No,Yes,Yes,No,3,1,2,0,,5,0,41,No,,,,,,,,,,,,,,,,,,,,,,,,,,,,,,,,,,,,,,,,,,,,,,5.00,,0.00,,41.00,#NAME?,,#NAME?,,,,#NAME?,Equity - Common,32.2%,Early,,#NAME?,#NAME?,#NAME?,#NAME?,No,,1.5,1.0,2.5,1.4,#NAME?,100%,1,46%,1,8%,No,72%,Yes,Yes,No,,Recurring,40%,B2B,24%,High,53%,High,59%,,5.0,#NAME?,#NAME?,#NAME?,#NAME?,#NAME?,Pre-Profit,51%,,3.0,#NAME?,#NAME?,#NAME?,No,77%,High,43%,Low,19%,,,#NAME?,#NAME?
,Iliass,1774152,DoraHacks,08/14/2019 9:13 AM,Republic,https://republic.co/dorahacks,https://www.sec.gov/cgi-bin/browse-edgar?CIK=0001774152&action=getcompany,12/19/2019,"TWENTY-SECOND CENTURY DORA TECHNOLOGY HOLDINGS, INC.",Dora Hacks,,"Business Services, Software, & Applications",MarketplaceTech,Early,Pre-Seed,RegCF,,SAFE,,,,"$35,000,000",0%,"$35,000,000",35000000,#NAME?,Transactional,B2B/B2C,High Growth,Yes,High,Low,No,,2171922408,#NAME?,217192241,#NAME?,0.235,#NAME?,10-20,High,Low,Similar to others,High,High,No,No,Yes,Yes,$0,#NAME?,8874,2000000,#NAME?,0.004437,#NAME?,Pre-Profit,,Yes,10,2,Yes,Yes,Yes,No,4,10,5,3,,6,0,31,Yes,,0,0,29,No,,,,,,,,,,,,,,,,,,,,,,,,,,,,,,,,,,,,,,,,,3.00,,0.00,,30.00,#NAME?,,#NAME?,1.0,,,#NAME?,SAFE,37.8%,Early,,#NAME?,#NAME?,#NAME?,#NAME?,No,,1.3,1.0,2.3,1.2,#NAME?,100%,2,46%,10,2%,Yes,28%,Yes,Yes,No,,Transactional,60%,B2B/B2C,28%,High,53%,Low,41%,,5.0,#NAME?,#NAME?,#NAME?,#NAME?,#NAME?,Pre-Profit,51%,,3.0,#NAME?,#NAME?,#NAME?,No,77%,High,43%,High,80%,,,#NAME?,#NAME?
,Iliass,1725567,Neurotez,08/19/2019 9:42 AM,NetCapital,https://netcapital.com/companies/neurotez,https://www.sec.gov/Archives/edgar/data/1725567/000166919119000295/xslC_X01/primary_doc.xml,8/5/2019,Neurotez Inc.,Neurotez Inc.,,Biotechnology,BioTech,Early,Series A,RegCF,,Equity - Common,,,"$21,959,058",,,,21959058,#NAME?,Transactional,B2C,High Growth,No,High,High,No,,4160000000,#NAME?,748800000,#NAME?,0.08,#NAME?,5-10,High,Low,Similar to others,High,Low,Yes,Yes,No,No,$0,#NAME?,26434,4500000,#NAME?,0.005874222,#NAME?,Pre-Product,Phase I,No,0,1,No,No,No,No,2,10,0,2,,26,0,58,No,,,,,,,,,,,,,,,,,,,,,,,,,,,,,,,,,,,,,,,,,,,,,,26.00,,0.00,,58.00,#NAME?,,#NAME?,,,,#NAME?,Equity - Common,32.2%,Early,,#NAME?,#NAME?,#NAME?,#NAME?,Yes,,3.5,1.0,4.5,2.9,#NAME?,100%,1,46%,10,2%,No,72%,No,No,No,,Transactional,60%,B2C,41%,High,53%,High,59%,,1.0,#NAME?,#NAME?,#NAME?,#NAME?,#NAME?,Pre-Product,22%,,3.0,#NAME?,#NAME?,#NAME?,Yes,23%,High,43%,Low,19%,,,#NAME?,#NAME?
,Iliass,1785391,Vendaval,08/21/2019 11:40 AM,Mr. Crowd,https://www.mrcrowd.com/company/VEND,https://www.sec.gov/Archives/edgar/data/1785391/000178539119000001/xslC_X01/primary_doc.xml,8/21/2019,Vendaval Corp.,Vendaval Corp,,Real Estate & Construction,PropTech,Early,Pre-Seed,RegCF,,Equity - Preferred,,,"$20,000,000",,,,20000000,#NAME?,Transactional,B2C,High Growth,No,High,High,No,,20000000,#NAME?,20000000,#NAME?,0,#NAME?,> 50,Low,Low,Similar to others,High,High,No,No,No,No,$0,#NAME?,5333,0,#NAME?,1,#NAME?,Pre-Product,,No,0,1,No,No,Yes,No,1,1,0,0,,0,0,48,No,,,,,,,,,,,,,,,,,,,,,,,,,,,,,,,,,,,,,,,,,,,,,,0.00,,0.00,,48.00,#NAME?,,#NAME?,,,,#NAME?,Equity - Preferred,6.7%,Early,,#NAME?,#NAME?,#NAME?,#NAME?,No,,1.0,1.0,2.0,1.0,#NAME?,100%,1,46%,1,8%,No,72%,No,Yes,No,,Transactional,60%,B2C,41%,High,53%,High,59%,,1.0,#NAME?,#NAME?,#NAME?,#NAME?,#NAME?,Pre-Product,22%,,#NAME?,#NAME?,#NAME?,#NAME?,No,77%,High,43%,High,80%,,,#NAME?,#NAME?
,Iliass,1786471,Aptrea Motors,08/29/2019 9:00 AM,WeFunder,https://wefunder.com/aptera,https://www.sec.gov/Archives/edgar/data/1786471/000167025419000484/xslC_X01/primary_doc.xml,8/22/2019,Aptera Motors Corp.,Aptera,,Automotive,CleanTech,Early,Seed,RegCF,,SAFE,,,,"$20,000,000",0%,"$20,000,000",20000000,#NAME?,Transactional,B2C,High Growth,No,Low,High,No,,4E+12,#NAME?,1.85E+11,#NAME?,0.256,#NAME?,20-30,Low,Low,Similar to others,High,High,Yes,Yes,No,No,$0,#NAME?,3158,200000,#NAME?,0.01579,#NAME?,Pre-Product,,No,0,2,Yes,No,No,No,3,6,0,0,,16,0,46,No,,3,0,54,No,,,,,,,,,,,,,,,,,,,,,,,,,,,,,,,,,,,,,,,,,9.50,,0.00,,50.00,#NAME?,,#NAME?,1.0,,,#NAME?,SAFE,37.8%,Early,,#NAME?,#NAME?,#NAME?,#NAME?,Yes,,1.9,1.0,2.9,1.7,#NAME?,100%,2,46%,6,6%,Yes,28%,No,No,No,,Transactional,60%,B2C,41%,Low,47%,High,59%,,1.0,#NAME?,#NAME?,#NAME?,#NAME?,#NAME?,Pre-Product,22%,,#NAME?,#NAME?,#NAME?,#NAME?,Yes,23%,High,43%,High,80%,,,#NAME?,#NAME?
,Iliass,1689304,"Scrap Connection, Inc.",08/30/2019 3:35 PM,WeFunder,https://wefunder.com/scrap.connection.inc,https://www.sec.gov/Archives/edgar/data/1689304/000167025419000488/xslC_X01/primary_doc.xml,8/28/2019,"Scrap Connection, Inc.",Tradefox,,International Trade and Development,MarketplaceTech,Early,Seed,RegCF,,SAFE,,,,"$7,000,000",0%,"$7,000,000",7000000,#NAME?,Recurring,B2B,High Growth,Yes,High,Low,No,,2.5E+11,#NAME?,2000000000,#NAME?,0.031,#NAME?,5-10,High,Low,Obviously better than others,High,Low,No,No,Yes,Yes,"$16,172",#NAME?,34184,1715889,#NAME?,0.019922035,#NAME?,Pre-Profit,,No,0,1,No,No,No,No,2,3,0,0,,16,2,51,No,,,,,,,,,,,,,,,,,,,,,,,,,,,,,,,,,,,,,,,,,,,,,,16.00,,2.00,,51.00,#NAME?,,#NAME?,1.0,,,#NAME?,SAFE,37.8%,Early,,#NAME?,#NAME?,#NAME?,#NAME?,No,,2.5,3.0,5.5,3.8,#NAME?,100%,1,46%,3,9%,No,72%,No,No,No,,Recurring,40%,B2B,24%,High,53%,Low,41%,,5.0,#NAME?,#NAME?,#NAME?,#NAME?,#NAME?,Pre-Profit,51%,,3.0,#NAME?,#NAME?,#NAME?,No,77%,High,43%,Low,19%,,,#NAME?,#NAME?
,Iliass,1745527,The OmniPad Company,08/31/2019 1:53 PM,Razitall,https://www.razitall.com/pitch/revolving-tread-omnidirectional-treadmill-for-vr,https://www.sec.gov/Archives/edgar/data/1745527/000166828719000053/xslC_X01/primary_doc.xml,9/27/2019,"The OmniPad Company, LLC",Omnipad,,Consumer Goods & Services,Non-Tech,Early,Pre-Seed,RegCF,,CAFES,,,,"$2,500,000",0%,"$2,500,000",2500000,#NAME?,Transactional,B2B/B2C,High Growth,No,Low,High,No,,18800000000,#NAME?,4400000000,#NAME?,0.372,#NAME?,5-10,Low,Low,Similar to others,High,Low,No,Yes,No,No,$0,#NAME?,111,1000000,#NAME?,0.000111,#NAME?,Pre-Product,,No,0,1,No,No,No,No,2,5,1,0,,0,0,47,No,,,,,,,,,,,,,,,,,,,,,,,,,,,,,,,,,,,,,,,,,,,,,,0.00,,0.00,,47.00,#NAME?,,#NAME?,1.0,,,#NAME?,CAFES,10.0%,Early,,#NAME?,#NAME?,#NAME?,#NAME?,No,,1.0,1.0,2.0,1.0,#NAME?,100%,1,46%,5,13%,No,72%,No,No,No,,Transactional,60%,B2B/B2C,28%,Low,47%,High,59%,,1.0,#NAME?,#NAME?,#NAME?,#NAME?,#NAME?,Pre-Product,22%,,#NAME?,#NAME?,#NAME?,#NAME?,Yes,23%,High,43%,Low,19%,,,#NAME?,#NAME?
,Iliass,1785164,Green Growth,09/03/2019 9:23 AM,Fundanna,https://fundanna.com/equity/offer-summary/GreenGrowth,https://www.sec.gov/Archives/edgar/data/1785164/000178516419000001/xslC_X01/primary_doc.xml,8/16/2019,"Green Growth Real Estate, LLC",Green Growth Real Estate,,Real Estate & Construction,Non-Tech,Early,Pre-Seed,RegCF,,Convertible Note,,,,"$3,000,000",0%,"$3,000,000",3000000,#NAME?,Recurring,B2B,Life Style,No,Low,High,No,,20225132500,#NAME?,20225132500,#NAME?,0.135,#NAME?,10-20,Low,Low,Similar to others,High,Low,No,No,No,No,$0,#NAME?,27,0,#NAME?,1,#NAME?,Pre-Product,,No,0,1,No,No,No,Yes,4,1,0,0,,0,0,49,No,,,,,,,,,,,,,,,,,,,,,,,,,,,,,,,,,,,,,,,,,,,,,,0.00,,0.00,,49.00,#NAME?,,#NAME?,1.0,,,#NAME?,Convertible Note,13.3%,Early,,#NAME?,#NAME?,#NAME?,#NAME?,No,,1.0,1.0,2.0,1.0,#NAME?,100%,1,46%,1,8%,No,72%,No,No,Yes,,Recurring,40%,B2B,24%,Low,47%,High,59%,,1.0,#NAME?,#NAME?,#NAME?,#NAME?,#NAME?,Pre-Product,22%,,#NAME?,#NAME?,#NAME?,#NAME?,No,77%,High,43%,Low,19%,,,#NAME?,#NAME?
,Iliass,1728036,"earthdog, GP",09/04/2019 2:38 PM,Razitall,https://www.razitall.com/pitch/every-dog-s-neck-deserves-hemp-gear-from-earthdog,https://www.sec.gov/Archives/edgar/data/1728036/000166828718000027/xslC_X01/primary_doc.xml,4/26/2018,"earthdog, GP",Earthdog,,Consumer Goods & Services,Non-Tech,Growth,Series A,RegCF,,CAFES,,,,"$1,900,000",0%,"$1,900,000",1900000,#NAME?,Transactional,B2B/B2C,Life Style,No,High,Low,No,,12296000000,#NAME?,4303600000,#NAME?,0.07,#NAME?,> 50,Low,Low,Similar to others,Low,High,No,No,Yes,Yes,"$286,000",#NAME?,5250,0,#NAME?,1,#NAME?,Pre-Profit,,No,0,2,No,Yes,No,No,0,2,0,0,,23,0,42,No,,23,0,,,,,,,,,,,,,,,,,,,,,,,,,,,,,,,,,,,,,,,,,,,23.00,,0.00,,42.00,#NAME?,,#NAME?,1.0,,,#NAME?,CAFES,10.0%,Growth,,#NAME?,#NAME?,#NAME?,#NAME?,No,,3.2,1.0,4.2,2.7,#NAME?,100%,2,46%,2,16%,No,72%,Yes,No,No,,Transactional,60%,B2B/B2C,28%,High,53%,Low,41%,,5.0,#NAME?,#NAME?,#NAME?,#NAME?,#NAME?,Pre-Profit,51%,,#NAME?,#NAME?,#NAME?,#NAME?,No,77%,Low,56%,High,80%,,,#NAME?,#NAME?
,Iliass,1727652,English for a Song,09/04/2019 2:47 PM,Razitall,https://www.razitall.com/pitch/transforming-adult-literacy-through-pop-music,https://www.sec.gov/cgi-bin/browse-edgar?company=english+for+a+song&owner=exclude&action=getcompany,5/2/2018,"English for a Song, Inc.",English For a Song,,"Education, Training, & Coaching",EdTech,Early,Pre-Seed,RegCF,,CAFES,,,,"$1,500,000",0%,"$1,500,000",1500000,#NAME?,Recurring,B2B/B2C,High Growth,Yes,High,Low,No,,4309637530,#NAME?,4309637530,#NAME?,0.152,#NAME?,> 50,Low,High,Similar to others,Low,High,Yes,No,No,No,$0,#NAME?,7,0,#NAME?,1,#NAME?,Pre-Product,,No,0,4,Yes,Yes,No,No,8,4,0,0,,20,0,62,No,,30,0,65,Yes,,12,0,63,No,,1,1,49,Yes,,,,,,,,,,,,,,,,,,,,,,,,,,,,,,,15.75,,1.00,,59.75,#NAME?,,#NAME?,1.0,,,#NAME?,CAFES,10.0%,Early,,#NAME?,#NAME?,#NAME?,#NAME?,Yes,,2.5,2.0,4.5,3.0,#NAME?,100%,4,4%,4,12%,Yes,28%,Yes,No,No,,Recurring,40%,B2B/B2C,28%,High,53%,Low,41%,,1.0,#NAME?,#NAME?,#NAME?,#NAME?,#NAME?,Pre-Product,22%,,3.0,#NAME?,#NAME?,#NAME?,No,77%,Low,56%,High,80%,,,#NAME?,#NAME?
,Iliass,1738707,Of The North Beverage International,09/04/2019 2:51 PM,Razitall,https://www.razitall.com/pitch/the-new-ice-age-borealis-rare-iceberg-beer,https://www.sec.gov/Archives/edgar/data/1738707/000166828718000034/xslC_X01/primary_doc.xml,04/30/2018,Of The North Beverage International Inc,Borealis Rare Iceberg Beer,,"Alcohol, Tobacco, & Recreational Drugs",Non-Tech,Early,Seed,RegCF,,CAFES,,,,"$8,750,000",0%,"$8,750,000",8750000,#NAME?,Transactional,B2B/B2C,Life Style,No,Low,High,No,,1.142E+11,#NAME?,27600000000,#NAME?,0.07,#NAME?,> 50,Low,Low,Similar to others,High,High,No,No,Yes,No,$0,#NAME?,0,0,#NAME?,1,#NAME?,Pre-Revenue,,Yes,7,1,No,No,No,No,0,2,0,0,,24,0,50,No,,,,,,,,,,,,,,,,,,,,,,,,,,,,,,,,,,,,,,,,,,,,,,24.00,,0.00,,50.00,#NAME?,,#NAME?,1.0,,,#NAME?,CAFES,10.0%,Early,,#NAME?,#NAME?,#NAME?,#NAME?,No,,3.3,1.0,4.3,2.8,#NAME?,100%,1,46%,2,16%,No,72%,No,No,No,,Transactional,60%,B2B/B2C,28%,Low,47%,High,59%,,3.0,#NAME?,#NAME?,#NAME?,#NAME?,#NAME?,Pre-Revenue,20%,,#NAME?,#NAME?,#NAME?,#NAME?,No,77%,High,43%,High,80%,,,#NAME?,#NAME?
,Iliass,1783015,Soar Robotics,09/05/2019 10:02 AM,Republic,https://republic.co/soar-robotics,https://www.sec.gov/Archives/edgar/data/1783015/000178301519000001/xslC_X01/primary_doc.xml,09/04/2019,Soar Robotics Inc.,Soar Robotics,,Industrial Automation,AutomationTech,Early,Seed,RegCF,,CAFES,,,,"$7,000,000",20%,"$5,600,000",5600000,#NAME?,Recurring,B2B,High Growth,Yes,High,High,Yes,,1786829694,#NAME?,1786829694,#NAME?,0.234,#NAME?,10-20,Low,Low,Similar to others,High,Low,No,No,Yes,Yes,$0,#NAME?,0,0,#NAME?,1,#NAME?,Pre-Revenue,,No,0,2,Yes,No,Yes,No,3,9,0,0,,6,1,31,No,,1,1,37,No,,,,,,,,,,,,,,,,,,,,,,,,,,,,,,,,,,,,,,,,,3.50,,2.00,,34.00,#NAME?,,#NAME?,3.1,,,#NAME?,CAFES,10.0%,Early,,#NAME?,#NAME?,#NAME?,#NAME?,No,,1.3,3.0,4.3,2.8,#NAME?,100%,2,46%,9,6%,Yes,28%,No,Yes,No,,Recurring,40%,B2B,24%,High,53%,High,59%,,5.0,#NAME?,#NAME?,#NAME?,#NAME?,#NAME?,Pre-Revenue,20%,,#NAME?,#NAME?,#NAME?,#NAME?,No,77%,High,43%,Low,19%,,,#NAME?,#NAME?
,Iliass,1786413,18th and Fairfax LLC dba Intox-Detox,09/05/2019 1:58 PM,Razitall,https://www.razitall.com/pitch/hangovers-suck-creating-better-tomorrows-for-all,https://www.sec.gov/Archives/edgar/data/1786413/000166828719000041/xslC_X01/primary_doc.xml,09/05/2019,18th and Fairfax LLC,Intox-Detox,,"Healthcare, Fitness, Wellness, & Pharmaceuticals",Non-Tech,Growth,Seed,RegCF,,CAFES,,,,"$1,600,000",0%,"$1,600,000",1600000,#NAME?,Transactional,B2B/B2C,Life Style,No,High,High,Yes,,785000000,#NAME?,785000000,#NAME?,0.128,#NAME?,20-30,Low,Low,Similar to others,Low,High,No,No,Yes,Yes,"$19,606",#NAME?,8178,0,#NAME?,1,#NAME?,Pre-Profit,,No,0,2,No,Yes,No,No,0,2,0,0,,6,0,42,No,,,,,,,,,,,,,,,,,,,,,,,,,,,,,,,,,,,,,,,,,,,,,,6.00,,0.00,,42.00,#NAME?,,#NAME?,1.0,,,#NAME?,CAFES,10.0%,Growth,,#NAME?,#NAME?,#NAME?,#NAME?,No,,1.6,1.0,2.6,1.4,#NAME?,100%,2,46%,2,16%,No,72%,Yes,No,No,,Transactional,60%,B2B/B2C,28%,High,53%,High,59%,,5.0,#NAME?,#NAME?,#NAME?,#NAME?,#NAME?,Pre-Profit,51%,,#NAME?,#NAME?,#NAME?,#NAME?,No,77%,Low,56%,High,80%,,,#NAME?,#NAME?
,Iliass,1739088,Michael Ray Galleries,09/05/2019 2:56 PM,Razitall,https://www.razitall.com/pitch/reclaiming-historical-sites-as-local-art-galleries,https://www.sec.gov/Archives/edgar/data/1739088/000166828718000031/xslC_X01/primary_doc.xml,04/30/2018,Michael Ray Galleries,Michael Ray Galleries,,Fine Art,Non-Tech,Early,Pre-Seed,RegCF,,CAFES,,,,"$1,500,000",0%,"$1,500,000",1500000,#NAME?,Transactional,B2B/B2C,Life Style,No,Low,Low,No,,10000000,#NAME?,10000000,#NAME?,0.05,#NAME?,> 50,Low,Low,Similar to others,Low,High,Yes,No,Yes,No,$0,#NAME?,0,0,#NAME?,1,#NAME?,Pre-Revenue,,No,0,2,No,No,No,No,2,2,0,0,,30,0,42,No,,3,0,54,No,,,,,,,,,,,,,,,,,,,,,,,,,,,,,,,,,,,,,,,,,16.50,,0.00,,48.00,#NAME?,,#NAME?,1.0,,,#NAME?,CAFES,10.0%,Early,,#NAME?,#NAME?,#NAME?,#NAME?,Yes,,2.6,1.0,3.6,2.2,#NAME?,100%,2,46%,2,16%,No,72%,No,No,No,,Transactional,60%,B2B/B2C,28%,Low,47%,Low,41%,,3.0,#NAME?,#NAME?,#NAME?,#NAME?,#NAME?,Pre-Revenue,20%,,#NAME?,#NAME?,#NAME?,#NAME?,No,77%,Low,56%,High,80%,,,#NAME?,#NAME?
,Iliass,1685241,Le Bread Xpress,09/06/2019 10:38 AM,WeFunder,https://wefunder.com/lebreadxpress,https://www.sec.gov/Archives/edgar/data/1685241/000167025419000443/xslC_X01/primary_doc.xml,08/08/2019,"Le Bread Xpress, Inc.",Le Bread Xpress,,"Food, Beverage, & Restaurants",FoodTech,Early,Seed,RegCF,,SAFE,,,,"$2,000,000",0%,"$2,000,000",2000000,#NAME?,Recurring,B2B,High Growth,No,Low,High,No,,30000000000,#NAME?,5000000000,#NAME?,0.145,#NAME?,10-20,High,Low,Similar to others,High,High,No,No,Yes,Yes,"$3,953",#NAME?,14109,944500,#NAME?,0.014938062,#NAME?,Pre-Profit,,Yes,1,2,Yes,No,No,No,4,2,0,0,,5,0,54,No,,5,0,46,No,,,,,,,,,,,,,,,,,,,,,,,,,,,,,,,,,,,,,,,,,5.00,,0.00,,50.00,#NAME?,,#NAME?,1.0,,,#NAME?,SAFE,37.8%,Early,,#NAME?,#NAME?,#NAME?,#NAME?,No,,1.5,1.0,2.5,1.4,#NAME?,100%,2,46%,2,16%,Yes,28%,No,No,No,,Recurring,40%,B2B,24%,Low,47%,High,59%,,5.0,#NAME?,#NAME?,#NAME?,#NAME?,#NAME?,Pre-Profit,51%,,3.0,#NAME?,#NAME?,#NAME?,No,77%,High,43%,High,80%,,,#NAME?,#NAME?
,Iliass,1725162,WeStrive,9/6/2019 10:41 AM,WeFunder,https://wefunder.com/westrive,https://www.sec.gov/Archives/edgar/data/1725162/000167025419000492/xslC_X01/primary_doc.xml,8/28/2019,PerFIcT Inc.,WeStrive,,"Healthcare, Fitness, Wellness, & Pharmaceuticals",MarketplaceTech,Early,Seed,RegCF,,SAFE,,,,"$4,000,000",38%,"$2,480,000",2480000,#NAME?,Recurring,B2B/B2C,High Growth,Yes,High,Low,No,,9000000000,#NAME?,9000000000,#NAME?,0.025,#NAME?,5-10,High,High,Obviously better than others,Low,High,No,No,Yes,No,$0,#NAME?,4073,85605,#NAME?,0.047578997,#NAME?,Pre-Revenue,,No,0,1,No,No,No,No,1,9,0,0,,4,0,27,No,,,,,,,,,,,,,,,,,,,,,,,,,,,,,,,,,,,,,,,,,,,,,,4.00,,0.00,,27.00,#NAME?,,#NAME?,5.0,,,#NAME?,SAFE,37.8%,Early,,#NAME?,#NAME?,#NAME?,#NAME?,No,,1.4,1.0,2.4,1.3,#NAME?,100%,1,46%,9,6%,No,72%,No,No,No,,Recurring,40%,B2B/B2C,28%,High,53%,Low,41%,,3.0,#NAME?,#NAME?,#NAME?,#NAME?,#NAME?,Pre-Revenue,20%,,#NAME?,#NAME?,#NAME?,#NAME?,No,77%,Low,56%,High,80%,,,#NAME?,#NAME?
,Iliass,1783629,Locl,09/10/2019 9:27 AM,WeFunder,https://wefunder.com/locl,https://www.sec.gov/Archives/edgar/data/1783629/000167025419000432/xslC_X01/primary_doc.xml,07/25/2019,LOCL Enterprises Inc.,LOCL,,Sporting Goods,Non-Tech,Early,Seed,RegCF,,SAFE,,,,"$2,000,000",25%,"$1,500,000",1500000,#NAME?,Transactional,B2C,Life Style,No,Low,High,No,,7100000000,#NAME?,2130000000,#NAME?,0.077,#NAME?,20-30,Low,Low,Similar to others,Low,High,Yes,No,No,No,$0,#NAME?,235,15000,#NAME?,0.015666667,#NAME?,Pre-Product,,No,0,1,No,No,No,No,2,1,2,0,,0,0,44,Yes,,,,,,,,,,,,,,,,,,,,,,,,,,,,,,,,,,,,,,,,,,,,,,0.00,,0.00,,44.00,#NAME?,,#NAME?,3.6,,,#NAME?,SAFE,37.8%,Early,,#NAME?,#NAME?,#NAME?,#NAME?,Yes,,1.0,1.0,2.0,1.0,#NAME?,100%,1,46%,1,8%,No,72%,No,No,No,,Transactional,60%,B2C,41%,Low,47%,High,59%,,1.0,#NAME?,#NAME?,#NAME?,#NAME?,#NAME?,Pre-Product,22%,,#NAME?,#NAME?,#NAME?,#NAME?,No,77%,Low,56%,High,80%,,,#NAME?,#NAME?
,Iliass,1785480,tinyB chocolate,09/11/2019 10:15 AM,WeFunder,https://wefunder.com/tinybchocolate,https://www.sec.gov/Archives/edgar/data/1785480/000167025419000464/xslC_X01/primary_doc.xml,08/22/2019,tinyB chocolate LLC,tinyB chocolate,,"Food, Beverage, & Restaurants",Non-Tech,Growth,Seed,RegCF,,SAFE,,,,"$2,500,000",0%,"$2,500,000",2500000,#NAME?,Transactional,B2B/B2C,Life Style,No,High,High,No,,28503000000,#NAME?,70000000,#NAME?,0.019,#NAME?,> 50,Low,Low,Similar to others,Low,High,No,No,Yes,Yes,"$317,558",#NAME?,2722,0,#NAME?,1,#NAME?,Pre-Profit,,No,0,2,No,Yes,Yes,No,4,3,0,0,,6,0,41,No,,6,1,48,Yes,,,,,,,,,,,,,,,,,,,,,,,,,,,,,,,,,,,,,,,,,6.00,,1.00,,44.50,#NAME?,,#NAME?,1.0,,,#NAME?,SAFE,37.8%,Growth,,#NAME?,#NAME?,#NAME?,#NAME?,No,,1.6,2.0,3.6,2.2,#NAME?,100%,2,46%,3,9%,No,72%,Yes,Yes,No,,Transactional,60%,B2B/B2C,28%,High,53%,High,59%,,5.0,#NAME?,#NAME?,#NAME?,#NAME?,#NAME?,Pre-Profit,51%,,#NAME?,#NAME?,#NAME?,#NAME?,No,77%,Low,56%,High,80%,,,#NAME?,#NAME?
,Iliass,1785479,Colossal,09/11/2019 10:23 AM,WeFunder,https://wefunder.com/colossal.inc,https://www.sec.gov/Archives/edgar/data/1785479/000167025419000452/xslC_X01/primary_doc.xml,08/14/2019,Colossal Inc,Sayscape,,Online Media,MediaTech,Early,Seed,RegCF,,SAFE,,,,"$1,000,000",10%,"$900,000",900000,#NAME?,Recurring,B2B/B2C,High Growth,Yes,High,Low,No,,46000000000,#NAME?,3496000000,#NAME?,0.09,#NAME?,5-10,Low,Low,Similar to others,High,High,Yes,No,Yes,Yes,"$2,175",#NAME?,431,0,#NAME?,1,#NAME?,Pre-Profit,,No,0,1,No,No,No,No,3,4,0,0,,2,0,35,No,,,,,,,,,,,,,,,,,,,,,,,,,,,,,,,,,,,,,,,,,,,,,,2.00,,0.00,,35.00,#NAME?,,#NAME?,2.1,,,#NAME?,SAFE,37.8%,Early,,#NAME?,#NAME?,#NAME?,#NAME?,Yes,,1.2,1.0,2.2,1.1,#NAME?,100%,1,46%,4,12%,No,72%,No,No,No,,Recurring,40%,B2B/B2C,28%,High,53%,Low,41%,,5.0,#NAME?,#NAME?,#NAME?,#NAME?,#NAME?,Pre-Profit,51%,,#NAME?,#NAME?,#NAME?,#NAME?,No,77%,High,43%,High,80%,,,#NAME?,#NAME?
,Iliass,1787347,PromSocial,09/13/2019 10:02 AM,WeFunder,https://wefunder.com/promsocial,https://www.sec.gov/Archives/edgar/data/1787347/000167025419000498/xslC_X01/primary_doc.xml,09/05/2019,PromSocial Inc.,PromSocial,,Online Media,MarketplaceTech,Early,Seed,RegCF,,SAFE,,,,"$2,000,000",0%,"$2,000,000",2000000,#NAME?,Recurring,B2B/B2C,High Growth,Yes,High,Low,No,,4000000000,#NAME?,4000000000,#NAME?,0.175,#NAME?,< 5,High,High,Obviously better than others,Low,High,No,No,Yes,Yes,$0,#NAME?,192,5100,#NAME?,0.037647059,#NAME?,Pre-Profit,,No,0,4,Yes,No,Yes,No,6,4,0,0,,7,0,38,No,,7,0,48,Yes,,7,0,27,No,,7,0,35,No,,,,,,,,,,,,,,,,,,,,,,,,,,,,,,,7.00,,0.00,,37.00,#NAME?,,#NAME?,1.0,,,#NAME?,SAFE,37.8%,Early,,#NAME?,#NAME?,#NAME?,#NAME?,No,,1.7,1.0,2.7,1.5,#NAME?,100%,4,4%,4,12%,Yes,28%,No,Yes,No,,Recurring,40%,B2B/B2C,28%,High,53%,Low,41%,,5.0,#NAME?,#NAME?,#NAME?,#NAME?,#NAME?,Pre-Profit,51%,,#NAME?,#NAME?,#NAME?,#NAME?,No,77%,Low,56%,High,80%,,,#NAME?,#NAME?
,Iliass,1761058,See Me Live,11/25/2019 1:25 PM,Razitall,https://www.razitall.com/pitch/patented-see-me-live-video-platform-prelaunch,https://www.sec.gov/Archives/edgar/data/1761058/000166828719000073/xslC_X01/primary_doc.xml,11/25/2019,"Global 5 Media, Inc.",SeeMeLive,,Online Media,MediaTech,Early,Seed,RegCF,,CAFES,,,,"$5,000,000",0%,"$5,000,000",5000000,#NAME?,Recurring,B2C,High Growth,Yes,High,Low,No,,42600000000,#NAME?,42600000000,#NAME?,0.204,#NAME?,5-10,Low,Low,Similar to others,Low,High,No,Yes,No,No,$0,#NAME?,4039,0,#NAME?,1,#NAME?,Pre-Product,,No,0,1,No,No,No,No,0,4,0,0,,0,0,45,No,,,,,,,,,,,,,,,,,,,,,,,,,,,,,,,,,,,,,,,,,,,,,,0.00,,0.00,,45.00,#NAME?,,#NAME?,1.0,,,#NAME?,CAFES,10.0%,Early,,#NAME?,#NAME?,#NAME?,#NAME?,No,,1.0,1.0,2.0,1.0,#NAME?,100%,1,46%,4,12%,No,72%,No,No,No,,Recurring,40%,B2C,41%,High,53%,Low,41%,,1.0,#NAME?,#NAME?,#NAME?,#NAME?,#NAME?,Pre-Product,22%,,#NAME?,#NAME?,#NAME?,#NAME?,Yes,23%,Low,56%,High,80%,,,#NAME?,#NAME?
,Iliass,1722137,Upshift,12/2/2019 10:02 AM,Republic,https://republic.co/upshift,https://www.sec.gov/Archives/edgar/data/1722137/000172213719000002/xslC_X01/primary_doc.xml,11/22/2019,Upshift Inc.,Upshift,,Automotive,MarketplaceTech,Early,Seed,RegCF,,SAFE,,,,"$8,000,000",20%,"$6,400,000",6400000,#NAME?,Recurring,B2C,High Growth,Yes,High,High,Yes,,1.46E+11,#NAME?,26000000000,#NAME?,0.2,#NAME?,5-10,High,Low,Obviously better than others,High,High,Yes,No,Yes,Yes,"$64,847",#NAME?,19434,1150000,#NAME?,0.01689913,#NAME?,Pre-Profit,,Yes,3,2,No,Yes,Yes,No,7,7,8,3,,9,0,39,Yes,,7,0,38,No,,,,,,,,,,,,,,,,,,,,,,,,,,,,,,,,,,,,,,,,,8.00,,0.00,,38.50,#NAME?,,#NAME?,3.1,,,#NAME?,SAFE,37.8%,Early,,#NAME?,#NAME?,#NAME?,#NAME?,Yes,,1.8,1.0,2.8,1.6,#NAME?,100%,2,46%,7,4%,No,72%,Yes,Yes,No,,Recurring,40%,B2C,41%,High,53%,High,59%,,5.0,#NAME?,#NAME?,#NAME?,#NAME?,#NAME?,Pre-Profit,51%,,3.0,#NAME?,#NAME?,#NAME?,No,77%,High,43%,High,80%,,,#NAME?,#NAME?
,Iliass,1724320,Buff Bake,12/2/2019 10:05 AM,Republic,https://republic.co/buff-bake,https://www.sec.gov/Archives/edgar/data/1724320/000172432019000002/xslC_X01/primary_doc.xml,11/25/2019,"Buff Bake, Inc.",Buff Bake,,"Food, Beverage, & Restaurants",Non-Tech,Growth,Series A,RegCF,,SAFE,,,,"$8,500,000",20%,"$6,800,000",6800000,#NAME?,Transactional,B2B/B2C,Life Style,No,High,High,No,,7E+11,#NAME?,2.52E+11,#NAME?,0.06,#NAME?,20-30,Low,Low,Similar to others,Low,High,No,No,Yes,Yes,"$2,536,240",#NAME?,96958,1000000,#NAME?,0.096958,#NAME?,Pre-Profit,,Yes,6,2,No,Yes,No,No,2,6,1,3,,5,0,38,No,,7,0,30,No,,,,,,,,,,,,,,,,,,,,,,,,,,,,,,,,,,,,,,,,,6.00,,0.00,,34.00,#NAME?,,#NAME?,3.1,,,#NAME?,SAFE,37.8%,Growth,,#NAME?,#NAME?,#NAME?,#NAME?,No,,1.6,1.0,2.6,1.4,#NAME?,100%,2,46%,6,6%,No,72%,Yes,No,No,,Transactional,60%,B2B/B2C,28%,High,53%,High,59%,,5.0,#NAME?,#NAME?,#NAME?,#NAME?,#NAME?,Pre-Profit,51%,,#NAME?,#NAME?,#NAME?,#NAME?,No,77%,Low,56%,High,80%,,,#NAME?,#NAME?
,Iliass,1687316,World Tree,12/2/2019 10:35 AM,WeFunder,https://wefunder.com/worldtree,https://www.sec.gov/Archives/edgar/data/1687316/000147793220001300/xsl1-A_X01/primary_doc.xml,09/17/2020,"World Tree USA, LLC",World Tree,,Renewables & Envirnoment,Non-Tech,Early,Seed,RegCF,RegD 506(C),Equity - Common,,,"$8,030,000",,,,8030000,#NAME?,Transactional,B2B,Life Style,No,Low,High,No,,12840676670,#NAME?,12840676670,#NAME?,0.046,#NAME?,> 50,Low,Low,Similar to others,High,High,Yes,No,Yes,Yes,$0,#NAME?,38259,3121096,#NAME?,0.012258194,#NAME?,Pre-Revenue,,No,0,1,No,Yes,No,No,1,6,0,0,,18,0,40,No,,,,,,,,,,,,,,,,,,,,,,,,,,,,,,,,,,,,,,,,,,,,,,18.00,,0.00,,40.00,#NAME?,,#NAME?,,,,#NAME?,Equity - Common,32.2%,Early,,#NAME?,#NAME?,#NAME?,#NAME?,Yes,,2.7,1.0,3.7,2.3,#NAME?,100%,1,46%,6,6%,No,72%,Yes,No,No,,Transactional,60%,B2B,24%,Low,47%,High,59%,,5.0,#NAME?,#NAME?,#NAME?,#NAME?,#NAME?,Pre-Revenue,20%,,#NAME?,#NAME?,#NAME?,#NAME?,No,77%,High,43%,High,80%,,,#NAME?,#NAME?
,Iliass,1791397,AmmoSquared,12/02/2019 10:44 AM,WeFunder,https://wefunder.com/ammosquared,https://www.sec.gov/Archives/edgar/data/1791397/000167025419000652/xslC_X01/primary_doc.xml,11/13/2019,Ammosquared Inc.,Ammosquared,,Consumer Goods & Services,RetailTech,Growth,Seed,RegCF,,Equity - Preferred,,,"$4,490,000",,,,4490000,#NAME?,Recurring,B2C,High Growth,Yes,Low,High,No,,13300000000,#NAME?,4000000000,#NAME?,0.035,#NAME?,20-30,High,Low,Similar to others,High,High,No,No,Yes,Yes,"$61,265",#NAME?,1030,234790,#NAME?,0.004386899,#NAME?,Pre-Profit,,No,0,2,No,Yes,No,No,2,4,0,0,,5,0,38,No,,5,0,38,No,,,,,,,,,,,,,,,,,,,,,,,,,,,,,,,,,,,,,,,,,5.00,,0.00,,38.00,#NAME?,,#NAME?,,,,#NAME?,Equity - Preferred,6.7%,Growth,,#NAME?,#NAME?,#NAME?,#NAME?,No,,1.5,1.0,2.5,1.4,#NAME?,100%,2,46%,4,12%,No,72%,Yes,No,No,,Recurring,40%,B2C,41%,Low,47%,High,59%,,5.0,#NAME?,#NAME?,#NAME?,#NAME?,#NAME?,Pre-Profit,51%,,3.0,#NAME?,#NAME?,#NAME?,No,77%,High,43%,High,80%,,,#NAME?,#NAME?
,Iliass,1791127,Eight Bridges Brewing,12/03/2019 10:40 AM,StartEngine,https://www.startengine.com/eight-bridges-brewing-inc,https://www.sec.gov/Archives/edgar/data/1791127/000166516019001157/xslC_X01/primary_doc.xml,12/02/2019,"Eight Bridges Brewing, Inc.","Eight Bridges Brewing, Inc.",,"Alcohol, Tobacco, & Recreational Drugs",Non-Tech,Growth,Series A,RegCF,,Equity - Common,,,"$3,010,000",,,,3010000,#NAME?,Transactional,B2B/B2C,Life Style,No,Low,High,No,,1.142E+11,#NAME?,27600000000,#NAME?,0.07,#NAME?,> 50,Low,Low,Similar to others,Low,High,No,No,Yes,Yes,"$369,422",#NAME?,6427,0,#NAME?,1,#NAME?,Pre-Profit,,No,0,1,No,No,No,No,2,5,0,0,,5,0,75,No,,,,,,,,,,,,,,,,,,,,,,,,,,,,,,,,,,,,,,,,,,,,,,5.00,,0.00,,75.00,#NAME?,,#NAME?,,,,#NAME?,Equity - Common,32.2%,Growth,,#NAME?,#NAME?,#NAME?,#NAME?,No,,1.5,1.0,2.5,1.4,#NAME?,100%,1,46%,5,13%,No,72%,No,No,No,,Transactional,60%,B2B/B2C,28%,Low,47%,High,59%,,5.0,#NAME?,#NAME?,#NAME?,#NAME?,#NAME?,Pre-Profit,51%,,#NAME?,#NAME?,#NAME?,#NAME?,No,77%,Low,56%,High,80%,,,#NAME?,#NAME?
,Iliass,1792508,Linen App,12/5/2019 8:56 AM,Republic,https://republic.co/linen,https://www.sec.gov/Archives/edgar/data/1792508/000179250819000001/xslC_X01/primary_doc.xml,11/20/2019,"Linen Mobile, Inc.",Linen App,,Banking,FinTech,Early,Seed,RegCF,,SAFE,,,,"$19,800,000",0%,"$19,800,000",19800000,#NAME?,Recurring,B2B/B2C,High Growth,Yes,Low,Low,No,,43800000000,#NAME?,43800000000,#NAME?,0.01,#NAME?,> 50,Low,Low,Similar to others,High,High,No,No,Yes,No,$0,#NAME?,26484,0,#NAME?,1,#NAME?,Pre-Revenue,,No,0,2,Yes,No,No,No,2,3,1,4,,3,0,25,No,,2,0,36,Yes,,,,,,,,,,,,,,,,,,,,,,,,,,,,,,,,,,,,,,,,,2.50,,0.00,,30.50,#NAME?,,#NAME?,1.0,,,#NAME?,SAFE,37.8%,Early,,#NAME?,#NAME?,#NAME?,#NAME?,No,,1.2,1.0,2.2,1.2,#NAME?,100%,2,46%,3,9%,Yes,28%,No,No,No,,Recurring,40%,B2B/B2C,28%,Low,47%,Low,41%,,3.0,#NAME?,#NAME?,#NAME?,#NAME?,#NAME?,Pre-Revenue,20%,,#NAME?,#NAME?,#NAME?,#NAME?,No,77%,High,43%,High,80%,,,#NAME?,#NAME?
,Iliass,1730486,Thematic,12/06/2019 9:22 AM,Microventures,https://app.microventures.com/crowdfunding/thematic,https://www.sec.gov/Archives/edgar/data/1730486/000173048619000001/xslC_X01/primary_doc.xml,12/05/2019,"Thematic, Inc.",Thematic,,Internet,MarketplaceTech,Growth,Seed,RegCF,,Convertible Note,,,,"$8,000,000",0%,"$8,000,000",8000000,#NAME?,Recurring,B2B,High Growth,Yes,High,Low,Yes,,24547000000,#NAME?,24547000000,#NAME?,0.095,#NAME?,> 50,Low,Low,Similar to others,Low,High,No,No,Yes,Yes,"$10,481",#NAME?,113842,1320000,#NAME?,0.086243939,#NAME?,Pre-Profit,,,0,2,Yes,Yes,No,No,3,6,0,2,,11,0,39,No,,14,0,39,No,,,,,,,,,,,,,,,,,,,,,,,,,,,,,,,,,,,,,,,,,12.50,,0.00,,39.00,#NAME?,,#NAME?,1.0,,,#NAME?,Convertible Note,13.3%,Growth,,#NAME?,#NAME?,#NAME?,#NAME?,No,,2.2,1.0,3.2,1.9,#NAME?,100%,2,46%,6,6%,Yes,28%,Yes,No,No,,Recurring,40%,B2B,24%,High,53%,Low,41%,,5.0,#NAME?,#NAME?,#NAME?,#NAME?,#NAME?,Pre-Profit,51%,,#NAME?,#NAME?,#NAME?,#NAME?,No,77%,Low,56%,High,80%,,,#NAME?,#NAME?
,Iliass,1730486,RehabPath,12/06/2019 9:27 AM,Republic,https://republic.co/rehabpath,https://www.sec.gov/Archives/edgar/data/1791847/000179184719000001/xslC_X01/primary_doc.xml,12/05/2019,RehabPath Inc.,RehabPath,,"Healthcare, Fitness, Wellness, & Pharmaceuticals",MarketplaceTech,Growth,Series A,RegCF,,SAFE,,,,"$5,000,000",20%,"$4,000,000",4000000,#NAME?,Recurring,B2C,High Growth,Yes,High,Low,No,,1800000000,#NAME?,1800000000,#NAME?,0.029,#NAME?,10-20,High,High,Obviously better than others,High,High,Yes,Yes,Yes,Yes,"$214,993",#NAME?,9006,570000,#NAME?,0.0158,#NAME?,Pre-Profit,,No,0,2,Yes,No,No,No,3,5,0,0,,10,0,30,No,,10,0,35,No,,,,,,,,,,,,,,,,,,,,,,,,,,,,,,,,,,,,,,,,,10.00,,0.00,,32.50,#NAME?,,#NAME?,3.1,,,#NAME?,SAFE,37.8%,Growth,,#NAME?,#NAME?,#NAME?,#NAME?,Yes,,2.0,1.0,3.0,1.7,#NAME?,100%,2,46%,5,13%,Yes,28%,No,No,No,,Recurring,40%,B2C,41%,High,53%,Low,41%,,5.0,#NAME?,#NAME?,#NAME?,#NAME?,#NAME?,Pre-Profit,51%,,#NAME?,#NAME?,#NAME?,#NAME?,Yes,23%,High,43%,High,80%,,,#NAME?,#NAME?
,Iliass,1791739,Grady's Cold Brew,12/6/2019 9:34 AM,StartEngine,https://www.startengine.com/gradyscoldbrew,https://www.sec.gov/Archives/edgar/data/1791739/000166516019001160/xslC_X01/primary_doc.xml,12/5/2019,"Gradys Cold Brew, Inc.",Gradys Cold Brew,,"Alcohol, Tobacco, & Recreational Drugs",Non-Tech,Growth,Series B,RegCF,,Equity - Common,,,"$12,800,000",,,,12800000,#NAME?,Transactional,B2B/B2C,Life Style,No,High,High,No,,531630840,#NAME?,531630840,#NAME?,0.251,#NAME?,> 50,Low,Low,Similar to others,Low,High,No,No,Yes,Yes,"$3,896,701",#NAME?,79802,0,#NAME?,1,#NAME?,Pre-Profit,,Yes,4,2,No,No,No,No,2,20,0,0,,9,0,41,No,,9,0,36,No,,,,,,,,,,,,,,,,,,,,,,,,,,,,,,,,,,,,,,,,,9.00,,0.00,,38.50,#NAME?,,#NAME?,,,,#NAME?,Equity - Common,32.2%,Growth,,#NAME?,#NAME?,#NAME?,#NAME?,No,,1.9,1.0,2.9,1.7,#NAME?,100%,2,46%,20,2%,No,72%,No,No,No,,Transactional,60%,B2B/B2C,28%,High,53%,High,59%,,5.0,#NAME?,#NAME?,#NAME?,#NAME?,#NAME?,Pre-Profit,51%,,#NAME?,#NAME?,#NAME?,#NAME?,No,77%,Low,56%,High,80%,,,#NAME?,#NAME?
,Iliass,1796036,PhorMed,12/06/2019 9:46 AM,StartEngine,https://www.startengine.com/phormed,https://www.sec.gov/Archives/edgar/data/1796036/000166516019001165/xslC_X01/primary_doc.xml,12-05-2019,Phormed Inc,PhorMed,,Biotechnology,BioTech,Early,Pre-Seed,RegCF,,Equity - Common,,,"$39,000,000",,,,39000000,#NAME?,Transactional,B2B2C,High Growth,No,High,High,No,,8000000000,#NAME?,8000000000,#NAME?,0.125,#NAME?,< 5,High,Low,Obviously better than others,High,Low,Yes,No,No,No,$0,#NAME?,0,0,#NAME?,1,#NAME?,Pre-Product,Phase II,No,0,1,Yes,Yes,Yes,No,0,6,4,0,,0,0,42,No,,,,,,,,,,,,,,,,,,,,,,,,,,,,,,,,,,,,,,,,,,,,,,0.00,,0.00,,42.00,#NAME?,,#NAME?,,,,#NAME?,Equity - Common,32.2%,Early,,#NAME?,#NAME?,#NAME?,#NAME?,Yes,,1.0,1.0,2.0,1.0,#NAME?,100%,1,46%,6,6%,Yes,28%,Yes,Yes,No,,Transactional,60%,B2B2C,7%,High,53%,High,59%,,1.0,#NAME?,#NAME?,#NAME?,#NAME?,#NAME?,Pre-Product,22%,,3.0,#NAME?,#NAME?,#NAME?,No,77%,High,43%,Low,19%,,,#NAME?,#NAME?
,Iliass,1661779,StartEngine Crowdfunding,12/06/2019 10:12 AM,TruCrowd,https://us.trucrowd.com/equity/offer-summary/StartEngine2,https://www.sec.gov/Archives/edgar/data/1661779/000110465920032595/xslC_X01/primary_doc.xml,03/12/2020,"STARTENGINE CROWDFUNDING, INC.",StartEngine,,Fund-Raising,FinTech,Early,Seed,RegCF,,Equity - Common,,,"$120,000,000",,,,120000000,#NAME?,Transactional,B2B/B2C,High Growth,Yes,Low,Low,No,,13725120000,#NAME?,13725120000,#NAME?,0.16,#NAME?,20-30,Low,Low,Similar to others,High,High,No,No,Yes,Yes,"$4,682,528",#NAME?,383375,5000000,#NAME?,0.076675,#NAME?,Pre-Profit,,No,0,3,Yes,No,No,Yes,3,29,0,0,,9,1,55,Yes,,6,2,54,No,,,,,,,,,,,,,,,,,,,,,,,,,,,,,,,,,,,,,,,,,7.50,,3.00,,54.50,#NAME?,,#NAME?,,,,#NAME?,Equity - Common,32.2%,Early,,#NAME?,#NAME?,#NAME?,#NAME?,No,,1.7,4.0,5.7,3.9,#NAME?,100%,3,4%,29,1%,Yes,28%,No,No,Yes,,Transactional,60%,B2B/B2C,28%,Low,47%,Low,41%,,5.0,#NAME?,#NAME?,#NAME?,#NAME?,#NAME?,Pre-Profit,51%,,#NAME?,#NAME?,#NAME?,#NAME?,No,77%,High,43%,High,80%,,,#NAME?,#NAME?
,Iliass,1629933,Dented Brick Distillery,12/6/2019 10:22 AM,WeFunder,https://wefunder.com/dented.brick.distillery,https://www.sec.gov/Archives/edgar/data/1629933/000167025419000557/xslC_X01/primary_doc.xml,10/02/2019,Salt Lake City Distillery LLC,Dented Brick Distillery,,"Food, Beverage, & Restaurants",Non-Tech,Growth,Series A,RegCF,,SAFE,,,,"$7,000,000",30%,"$4,900,000",4900000,#NAME?,Transactional,B2B/B2C,High Growth,No,Low,High,No,,19412603885,#NAME?,7765041554,#NAME?,0.334,#NAME?,> 50,Low,Low,Similar to others,Low,High,No,No,Yes,Yes,"$396,749",#NAME?,63587,4601100,#NAME?,0.013819956,#NAME?,Pre-Profit,,No,0,2,No,No,No,No,3,8,0,0,,3,0,62,Yes,,8,0,53,No,,,,,,,,,,,,,,,,,,,,,,,,,,,,,,,,,,,,,,,,,5.50,,0.00,,57.50,#NAME?,,#NAME?,4.2,,,#NAME?,SAFE,37.8%,Growth,,#NAME?,#NAME?,#NAME?,#NAME?,No,,1.5,1.0,2.5,1.4,#NAME?,100%,2,46%,8,6%,No,72%,No,No,No,,Transactional,60%,B2B/B2C,28%,Low,47%,High,59%,,5.0,#NAME?,#NAME?,#NAME?,#NAME?,#NAME?,Pre-Profit,51%,,#NAME?,#NAME?,#NAME?,#NAME?,No,77%,Low,56%,High,80%,,,#NAME?,#NAME?
,Iliass,1709539,Shark Wheel,12/06/2019 10:27 AM,WeFunder,https://wefunder.com/sharkwheel,https://www.sec.gov/Archives/edgar/data/1709539/000167025420000070/xslC_X01/primary_doc.xml,12/05/2019,"Shark Wheel, Inc.","Shark Wheel, Inc.",,Consumer Goods & Services,Non-Tech,Early,Seed,RegCF,,Equity - Common,,,"$30,000,000",,,,30000000,#NAME?,Recurring,B2B/B2C,High Growth,No,High,High,No,,2500000000,#NAME?,2500000000,#NAME?,0.031,#NAME?,> 50,High,Low,Obviously better than others,High,High,No,Yes,Yes,Yes,"$950,796",#NAME?,63328,2788940,#NAME?,0.022706835,#NAME?,Pre-Profit,,Yes,3,2,No,No,No,Yes,1,4,0,1,,17,0,48,No,,8,0,40,Yes,,,,,,,,,,,,,,,,,,,,,,,,,,,,,,,,,,,,,,,,,12.50,,0.00,,44.00,#NAME?,,#NAME?,,,,#NAME?,Equity - Common,32.2%,Early,,#NAME?,#NAME?,#NAME?,#NAME?,No,,2.2,1.0,3.2,1.9,#NAME?,100%,2,46%,4,12%,No,72%,No,No,Yes,,Recurring,40%,B2B/B2C,28%,High,53%,High,59%,,5.0,#NAME?,#NAME?,#NAME?,#NAME?,#NAME?,Pre-Profit,51%,,3.0,#NAME?,#NAME?,#NAME?,Yes,23%,High,43%,High,80%,,,#NAME?,#NAME?
,Iliass,1702371,Hive,12/09/2019 1:20 PM,Republic,https://republic.co/hive,https://www.sec.gov/Archives/edgar/data/1702371/000170237119000002/xslC_X01/primary_doc.xml,12/06/2019,"Hive Companies, Inc.",Hive,,Online Media,MediaTech,Growth,Series B,RegCF,,SAFE,,,,"$10,000,000",0%,"$10,000,000",10000000,#NAME?,Recurring,B2B/B2C,High Growth,Yes,High,Low,No,,46000000000,#NAME?,1000000000,#NAME?,0.25,#NAME?,5-10,High,Low,Obviously better than others,Low,High,Yes,No,Yes,Yes,"$2,038,139",#NAME?,77550,1600000,#NAME?,0.04846875,#NAME?,Profitable,,No,0,1,No,No,No,No,4,13,15,3,,18,2,36,Yes,,,,,,,,,,,,,,,,,,,,,,,,,,,,,,,,,,,,,,,,,,,,,,18.00,,2.00,,36.00,#NAME?,,#NAME?,1.0,,,#NAME?,SAFE,37.8%,Growth,,#NAME?,#NAME?,#NAME?,#NAME?,Yes,,2.7,3.0,5.7,3.9,#NAME?,100%,1,46%,13,2%,No,72%,No,No,No,,Recurring,40%,B2B/B2C,28%,High,53%,Low,41%,,5.0,#NAME?,#NAME?,#NAME?,#NAME?,#NAME?,Profitable,7%,,3.0,#NAME?,#NAME?,#NAME?,No,77%,Low,56%,High,80%,,,#NAME?,#NAME?
,Iliass,1792907,Back To Space,12/9/2019 1:36 PM,WeFunder,https://wefunder.com/back.to.space,https://www.sec.gov/Archives/edgar/data/1792907/000167025419000675/xslC_X01/primary_doc.xml,11/21/2019,"Back To Space, LLC",Back To Space,,Media Production,MediaTech,Early,Seed,RegCF,,Equity - Preferred,,,"$5,670,000",,,,5670000,#NAME?,Recurring,B2C,Life Style,Yes,Low,High,No,,34777400000,#NAME?,2000000000,#NAME?,0.036,#NAME?,> 50,Low,Low,Similar to others,High,High,Yes,No,Yes,No,"$118,457",#NAME?,55965,1234000,#NAME?,0.045352512,#NAME?,Pre-Product,,Yes,4,2,No,yes,No,No,5,3,5,1,,2,0,28,Yes,,2,4,62,No,,,,,,,,,,,,,,,,,,,,,,,,,,,,,,,,,,,,,,,,,2.00,,4.00,,45.00,#NAME?,,#NAME?,,,,#NAME?,Equity - Preferred,6.7%,Early,,#NAME?,#NAME?,#NAME?,#NAME?,Yes,,1.2,5.0,6.2,4.3,#NAME?,100%,2,46%,3,9%,No,72%,yes,No,No,,Recurring,40%,B2C,41%,Low,47%,High,59%,,3.0,#NAME?,#NAME?,#NAME?,#NAME?,#NAME?,Pre-Product,22%,,#NAME?,#NAME?,#NAME?,#NAME?,No,77%,High,43%,High,80%,,,#NAME?,#NAME?
,Iliass,1722969,Atlis Motor Vehicles,12/10/2019 10:27 AM,StartEngine,https://www.startengine.com/atlis-motor-vehicles-3,https://www.sec.gov/Archives/edgar/data/1722969/000166516019001173/xslC_X01/primary_doc.xml,12/10/2019,Atlis Motor Vehicle Inc.,Atlis Motor Vehicle Inc.,,Automotive,CleanTech,Early,Seed,RegCF,,Equity - Common,,,"$89,800,000",,,,89800000,#NAME?,Recurring,B2B/B2C,High Growth,No,High,High,No,,5.366E+11,#NAME?,22000000000,#NAME?,0.04,#NAME?,5-10,High,Low,Obviously better than others,High,Low,Yes,Yes,Yes,No,$0,#NAME?,49646,1140000,#NAME?,0.043549123,#NAME?,Pre-Product,,No,0,2,No,No,No,No,3,14,0,0,,1,0,32,Yes,,13,0,36,No,,,,,,,,,,,,,,,,,,,,,,,,,,,,,,,,,,,,,,,,,7.00,,0.00,,34.00,#NAME?,,#NAME?,,,,#NAME?,Equity - Common,32.2%,Early,,#NAME?,#NAME?,#NAME?,#NAME?,Yes,,1.7,1.0,2.7,1.5,#NAME?,100%,2,46%,14,3%,No,72%,No,No,No,,Recurring,40%,B2B/B2C,28%,High,53%,High,59%,,3.0,#NAME?,#NAME?,#NAME?,#NAME?,#NAME?,Pre-Product,22%,,3.0,#NAME?,#NAME?,#NAME?,Yes,23%,High,43%,Low,19%,,,#NAME?,#NAME?
,Iliass,1788204,Crafthouse Cocktails,12/10/2019 10:40 AM,WeFunder,https://wefunder.com/crafthouse.cocktails,https://www.sec.gov/Archives/edgar/data/1788204/000167025419000640/xslC_X01/primary_doc.xml,11/05/2019,"Stanton South, LLC","Stanton South, LLC",,"Food, Beverage, & Restaurants",Non-Tech,Early,Series A,RegCF,,Convertible Note,,,,"$8,300,000",20%,"$6,640,000",6640000,#NAME?,Transactional,B2B/B2C,Life Style,No,Low,High,No,,1.58787E+12,#NAME?,62000000,#NAME?,0.407,#NAME?,20-30,Low,Low,Similar to others,High,High,No,No,Yes,Yes,"$622,601",#NAME?,65512,800000,#NAME?,0.08189,#NAME?,Pre-Profit,,Yes,3,2,Yes,No,No,No,2,2,0,0,,15,0,48,No,,16,0,38,Yes,,,,,,,,,,,,,,,,,,,,,,,,,,,,,,,,,,,,,,,,,15.50,,0.00,,43.00,#NAME?,,#NAME?,3.1,,,#NAME?,Convertible Note,13.3%,Early,,#NAME?,#NAME?,#NAME?,#NAME?,No,,2.5,1.0,3.5,2.2,#NAME?,100%,2,46%,2,16%,Yes,28%,No,No,No,,Transactional,60%,B2B/B2C,28%,Low,47%,High,59%,,5.0,#NAME?,#NAME?,#NAME?,#NAME?,#NAME?,Pre-Profit,51%,,#NAME?,#NAME?,#NAME?,#NAME?,No,77%,High,43%,High,80%,,,#NAME?,#NAME?
,Iliass,1790674,Delee,12/11/2019 10:39 AM,Republic,https://republic.co/delee,https://www.sec.gov/Archives/edgar/data/1790674/000179067419000002/xslC_X01/primary_doc.xml,12/09/2019,Delee Corp,Delee,,Biotechnology,BioTech,Early,Seed,RegCF,,SAFE,,,,"$10,000,000",0%,"$10,000,000",10000000,#NAME?,Transactional,B2B,Life Style,No,High,High,Yes,,19000000000,#NAME?,19000000000,#NAME?,0.171,#NAME?,< 5,Low,Low,Obviously better than others,High,Low,Yes,Yes,Yes,No,$0,#NAME?,14068,1300000,#NAME?,0.010821538,#NAME?,Pre-Revenue,,No,0,3,Yes,Yes,Yes,No,5,15,0,0,,3,0,26,No,,7,0,30,No,,30,0,30,No,,,,,,,,,,,,,,,,,,,,,,,,,,,,,,,,,,,,13.33,,0.00,,28.67,#NAME?,,#NAME?,1.0,,,#NAME?,SAFE,37.8%,Early,,#NAME?,#NAME?,#NAME?,#NAME?,Yes,,2.3,1.0,3.3,2.0,#NAME?,100%,3,4%,15,2%,Yes,28%,Yes,Yes,No,,Transactional,60%,B2B,24%,High,53%,High,59%,,3.0,#NAME?,#NAME?,#NAME?,#NAME?,#NAME?,Pre-Revenue,20%,,#NAME?,#NAME?,#NAME?,#NAME?,Yes,23%,High,43%,Low,19%,,,#NAME?,#NAME?
,Iliass,1751794,Billion Vegans,12/11/2019 11:10 AM,WeFunder,https://wefunder.com/billionvegans,https://www.sec.gov/Archives/edgar/data/1751794/000167025419000606/xslC_X01/primary_doc.xml,10/14/2019,Billion Vegans Inc.,Billion Vegans,,"Food, Beverage, & Restaurants",RetailTech,Early,Seed,RegCF,,SAFE,,,,"$6,500,000",20%,"$5,200,000",5200000,#NAME?,Transactional,B2C,High Growth,Yes,High,Low,No,,17338555000,#NAME?,17338555000,#NAME?,0.105,#NAME?,5-10,Low,Low,Similar to others,High,High,Yes,No,Yes,Yes,"$56,277",#NAME?,12898,491578,#NAME?,0.026237952,#NAME?,Pre-Profit,,No,0,1,No,No,No,No,0,9,0,0,,3,2,42,No,,,,,,,,,,,,,,,,,,,,,,,,,,,,,,,,,,,,,,,,,,,,,,3.00,,2.00,,42.00,#NAME?,,#NAME?,3.1,,,#NAME?,SAFE,37.8%,Early,,#NAME?,#NAME?,#NAME?,#NAME?,Yes,,1.3,3.0,4.3,2.8,#NAME?,100%,1,46%,9,6%,No,72%,No,No,No,,Transactional,60%,B2C,41%,High,53%,Low,41%,,5.0,#NAME?,#NAME?,#NAME?,#NAME?,#NAME?,Pre-Profit,51%,,#NAME?,#NAME?,#NAME?,#NAME?,No,77%,High,43%,High,80%,,,#NAME?,#NAME?
,Iliass,1617797,Story2,12/12/2019 10:38 AM,Republic,https://republic.co/story2,https://www.sec.gov/Archives/edgar/data/1617797/000146581819000035/xslC_X01/primary_doc.xml,12/10/2019,"Story to College, LLC",Story2,,"Education, Training, & Coaching",EdTech,Growth,Series A,RegCF,,SAFE,,,,"$10,000,000",10%,"$9,000,000",9000000,#NAME?,Recurring,B2B2C,High Growth,Yes,High,Low,No,,6.26E+11,#NAME?,2.79E+11,#NAME?,0.12,#NAME?,> 50,High,Low,Obviously better than others,Low,High,Yes,Yes,Yes,Yes,"$418,213",#NAME?,70224,2000000,#NAME?,0.035112,#NAME?,Pre-Profit,,Yes,6,1,No,Yes,No,No,6,11,2,0,,7,1,61,Yes,,,,,,,,,,,,,,,,,,,,,,,,,,,,,,,,,,,,,,,,,,,,,,7.00,,1.00,,61.00,#NAME?,,#NAME?,2.1,,,#NAME?,SAFE,37.8%,Growth,,#NAME?,#NAME?,#NAME?,#NAME?,Yes,,1.7,2.0,3.7,2.3,#NAME?,100%,1,46%,11,3%,No,72%,Yes,No,No,,Recurring,40%,B2B2C,7%,High,53%,Low,41%,,5.0,#NAME?,#NAME?,#NAME?,#NAME?,#NAME?,Pre-Profit,51%,,3.0,#NAME?,#NAME?,#NAME?,Yes,23%,Low,56%,High,80%,,,#NAME?,#NAME?
,Iliass,1701666,Akibah Health,12/12/2019 10:42 AM,StartEngine,https://www.startengine.com/akibah-health,https://www.sec.gov/Archives/edgar/data/1701666/000166516019001181/xslC_X01/primary_doc.xml,12/11/2019,Akibah Health Corporation,Akibah Health,,"Healthcare, Fitness, Wellness, & Pharmaceuticals",HealthTech,Early,Seed,RegCF,,Equity - Common,,,"$5,960,000",,,,5960000,#NAME?,Recurring,B2C,High Growth,No,High,High,Yes,,8911821504,#NAME?,8788451772,#NAME?,0.042,#NAME?,> 50,High,Low,Obviously better than others,High,High,Yes,Yes,Yes,No,$0,#NAME?,4567,500000,#NAME?,0.009134,#NAME?,Pre-Revenue,,Yes,3,1,No,No,Yes,No,2,5,1,1,,0,0,42,No,,,,,,,,,,,,,,,,,,,,,,,,,,,,,,,,,,,,,,,,,,,,,,0.00,,0.00,,42.00,#NAME?,,#NAME?,,,,#NAME?,Equity - Common,32.2%,Early,,#NAME?,#NAME?,#NAME?,#NAME?,Yes,,1.0,1.0,2.0,1.0,#NAME?,100%,1,46%,5,13%,No,72%,No,Yes,No,,Recurring,40%,B2C,41%,High,53%,High,59%,,3.0,#NAME?,#NAME?,#NAME?,#NAME?,#NAME?,Pre-Revenue,20%,,3.0,#NAME?,#NAME?,#NAME?,Yes,23%,High,43%,High,80%,,,#NAME?,#NAME?
,Iliass,1789108,Robovet,12/12/2019 10:55 AM,WeFunder,https://wefunder.com/robovet,https://www.sec.gov/Archives/edgar/data/1789108/000167025419000694/xslC_X01/primary_doc.xml,11/26/2019,Robovet Corporation,Robovet,,Veterinary,MedTech,Early,Seed,RegCF,,SAFE,,,,"$3,000,000",25%,"$2,250,000",2250000,#NAME?,Transactional,B2B,Life Style,No,High,High,No,,47000000000,#NAME?,2292654240,#NAME?,0.068,#NAME?,5-10,Low,High,Similar to others,High,Low,No,Yes,Yes,No,$0,#NAME?,2021,10020,#NAME?,0.201696607,#NAME?,Pre-Product,,Yes,2,1,No,No,No,No,2,4,1,1,,12,0,50,Yes,,,,,,,,,,,,,,,,,,,,,,,,,,,,,,,,,,,,,,,,,,,,,,12.00,,0.00,,50.00,#NAME?,,#NAME?,3.6,,,#NAME?,SAFE,37.8%,Early,,#NAME?,#NAME?,#NAME?,#NAME?,No,,2.1,1.0,3.1,1.9,#NAME?,100%,1,46%,4,12%,No,72%,No,No,No,,Transactional,60%,B2B,24%,High,53%,High,59%,,3.0,#NAME?,#NAME?,#NAME?,#NAME?,#NAME?,Pre-Product,22%,,3.0,#NAME?,#NAME?,#NAME?,Yes,23%,High,43%,Low,19%,,,#NAME?,#NAME?
,Iliass,1780122,Genobank.io,12/16/2019 10:52 AM,Republic,https://republic.co/genobank-io,https://www.sec.gov/Archives/edgar/data/1780122/000178012219000003/xslC_X01/primary_doc.xml,12/13/2019,Genobank.io Inc,Genobank.io,,Biotechnology,BioTech,Early,Seed,RegCF,,SAFE,,,,"$10,000,000",15%,"$8,500,000",8500000,#NAME?,Transactional,B2B/B2C,High Growth,No,High,High,No,,10520447637,#NAME?,10520447637,#NAME?,0.19,#NAME?,30-40,High,Low,Obviously better than others,High,High,No,Yes,No,No,$0,#NAME?,0,215000,#NAME?,1,#NAME?,Pre-Revenue,,Yes,2,2,Yes,No,Yes,No,5,2,0,1,,3,0,41,Yes,,4,0,34,No,,,,,,,,,,,,,,,,,,,,,,,,,,,,,,,,,,,,,,,,,3.50,,0.00,,37.50,#NAME?,,#NAME?,2.6,,,#NAME?,SAFE,37.8%,Early,,#NAME?,#NAME?,#NAME?,#NAME?,No,,1.3,1.0,2.3,1.3,#NAME?,100%,2,46%,2,16%,Yes,28%,No,Yes,No,,Transactional,60%,B2B/B2C,28%,High,53%,High,59%,,1.0,#NAME?,#NAME?,#NAME?,#NAME?,#NAME?,Pre-Revenue,20%,,3.0,#NAME?,#NAME?,#NAME?,Yes,23%,High,43%,High,80%,,,#NAME?,#NAME?
,Iliass,1799231,Hempazon,2/24/2020 10:24 AM,Fundanna,https://fundanna.com/equity/offer-summary/Hempazon,https://www.sec.gov/Archives/edgar/data/1799231/000179923120000001/xslC_X01/primary_doc.xml,01/23/2020,"HAZN, Inc",Hempazon,,"Alcohol, Tobacco, & Recreational Drugs",RetailTech,Early,Seed,RegCF,,Equity - Common,,,"$3,062,500",,,,3062500,#NAME?,Transactional,B2B/B2C,High Growth,Yes,Low,High,No,,21756500000,#NAME?,21756500000,#NAME?,0.707,#NAME?,> 50,Low,Low,Similar to others,Low,High,No,No,No,No,$0,#NAME?,0,0,#NAME?,1,#NAME?,Pre-Product,,No,0,1,No,No,No,No,0,1,1,0,,4,0,49,No,,,,,,,,,,,,,,,,,,,,,,,,,,,,,,,,,,,,,,,,,,,,,,4.00,,0.00,,49.00,#NAME?,,#NAME?,,,,#NAME?,Equity - Common,32.2%,Early,,#NAME?,#NAME?,#NAME?,#NAME?,No,,1.4,1.0,2.4,1.3,#NAME?,100%,1,46%,1,8%,No,72%,No,No,No,,Transactional,60%,B2B/B2C,28%,Low,47%,High,59%,,1.0,#NAME?,#NAME?,#NAME?,#NAME?,#NAME?,Pre-Product,22%,,#NAME?,#NAME?,#NAME?,#NAME?,No,77%,Low,56%,High,80%,,,#NAME?,#NAME?
,Iliass,1779318,Fleeting,2/24/2020 10:28 AM,Republic,https://republic.co/fleeting,https://www.sec.gov/Archives/edgar/data/1779318/000177931820000002/xslC_X01/primary_doc.xml,2/21/2020,"Fleeting,Inc.",Fleeting,,"Transportation, Automotive, Aviation, & Aerospace",MarketplaceTech,Early,Seed,RegCF,,SAFE,,,,"$10,000,000",20%,"$8,000,000",8000000,#NAME?,Transactional,B2B/B2C,High Growth,Yes,Low,Low,No,,8.5361E+11,#NAME?,2.65E+11,#NAME?,0.035,#NAME?,40-50,High,Low,Obviously better than others,High,High,No,No,Yes,Yes,"$41,866",#NAME?,4175,0,#NAME?,1,#NAME?,Pre-Profit,,No,0,4,Yes,No,Yes,No,7,5,0,4,,16,0,36,No,,2,0,47,No,,2,0,34,No,,4,0,40,No,,,,,,,,,,,,,,,,,,,,,,,,,,,,,,,6.00,,0.00,,39.25,#NAME?,,#NAME?,3.1,,,#NAME?,SAFE,37.8%,Early,,#NAME?,#NAME?,#NAME?,#NAME?,No,,1.6,1.0,2.6,1.4,#NAME?,100%,4,4%,5,13%,Yes,28%,No,Yes,No,,Transactional,60%,B2B/B2C,28%,Low,47%,Low,41%,,5.0,#NAME?,#NAME?,#NAME?,#NAME?,#NAME?,Pre-Profit,51%,,3.0,#NAME?,#NAME?,#NAME?,No,77%,High,43%,High,80%,,,#NAME?,#NAME?
,Iliass,1702255,LaneAxis,02/24/2020 11:16 AM,StartEngine,https://www.startengine.com/laneaxis-inc,https://www.sec.gov/Archives/edgar/data/1702255/000166516020000149/xslC_X01/primary_doc.xml,02/20/2020,"LaneAxis, Inc.",LaneAxis,,"Transportation, Automotive, Aviation, & Aerospace",MarketplaceTech,Early,Series A,RegCF,,Equity - Common,,,"$7,970,000",,,,7970000,#NAME?,Transactional,B2B,High Growth,Yes,Low,Low,No,,8.5361E+11,#NAME?,93848952414,#NAME?,0.162,#NAME?,> 50,High,High,Obviously better than others,High,High,No,Yes,Yes,No,$0,#NAME?,52226,0,#NAME?,1,#NAME?,Pre-Revenue,,Yes,4,1,No,No,No,No,1,10,4,0,,5,0,53,No,,,,,,,,,,,,,,,,,,,,,,,,,,,,,,,,,,,,,,,,,,,,,,5.00,,0.00,,53.00,#NAME?,,#NAME?,,,,#NAME?,Equity - Common,32.2%,Early,,#NAME?,#NAME?,#NAME?,#NAME?,No,,1.5,1.0,2.5,1.4,#NAME?,100%,1,46%,10,2%,No,72%,No,No,No,,Transactional,60%,B2B,24%,Low,47%,Low,41%,,3.0,#NAME?,#NAME?,#NAME?,#NAME?,#NAME?,Pre-Revenue,20%,,#NAME?,#NAME?,#NAME?,#NAME?,Yes,23%,High,43%,High,80%,,,#NAME?,#NAME?
,Iliass,1800204,SunState Laboratories,02/24/2020 11:24 AM,WeFunder,https://wefunder.com/sunstate.laboratories,https://www.sec.gov/Archives/edgar/data/1800204/000167025420000055/xslC_X01/primary_doc.xml,1/22/2020,"SunState Laboratories, Inc.",SunState Laboratories,,Consumer Goods & Services,CleanTech,Early,Seed,RegCF,,Equity - Preferred,,,"$5,000,000",,,,5000000,#NAME?,Transactional,B2B/B2C,Life Style,No,Low,Low,No,,31200000000,#NAME?,31200000000,#NAME?,0.04,#NAME?,> 50,High,Low,Obviously better than others,Low,High,Yes,No,Yes,Yes,"$10,623",#NAME?,3380,0,#NAME?,1,#NAME?,Pre-Profit,,No,0,1,No,No,No,No,2,3,1,0,,9,0,55,No,,,,,,,,,,,,,,,,,,,,,,,,,,,,,,,,,,,,,,,,,,,,,,9.00,,0.00,,55.00,#NAME?,,#NAME?,,,,#NAME?,Equity - Preferred,6.7%,Early,,#NAME?,#NAME?,#NAME?,#NAME?,Yes,,1.9,1.0,2.9,1.7,#NAME?,100%,1,46%,3,9%,No,72%,No,No,No,,Transactional,60%,B2B/B2C,28%,Low,47%,Low,41%,,5.0,#NAME?,#NAME?,#NAME?,#NAME?,#NAME?,Pre-Profit,51%,,3.0,#NAME?,#NAME?,#NAME?,No,77%,Low,56%,High,80%,,,#NAME?,#NAME?
,Iliass,1792754,ILLUSIO,2/25/2020 10:49 AM,Equifund CFP,https://equifundcfp.com/illusio/,https://www.sec.gov/Archives/edgar/data/1792754/000179275419000003/xslC_X01/primary_doc.xml,12/26/2020,"Illusio, Inc.",Illusio,,"Healthcare, Fitness, Wellness, & Pharmaceuticals",MedTech,Early,Seed,RegCF,,Equity - Common,,,"$15,000,000",,,,15000000,#NAME?,Recurring,B2B,High Growth,Yes,High,High,No,,2960071400,#NAME?,2960071400,#NAME?,0.067,#NAME?,< 5,High,High,Obviously better than others,High,Low,No,Yes,Yes,Yes,"$3,400",#NAME?,50586,1600000,#NAME?,0.03161625,#NAME?,Pre-Profit,,Yes,1,1,No,No,No,No,3,3,4,0,,9,0,51,No,,,,,,,,,,,,,,,,,,,,,,,,,,,,,,,,,,,,,,,,,,,,,,9.00,,0.00,,51.00,#NAME?,,#NAME?,,,,#NAME?,Equity - Common,32.2%,Early,,#NAME?,#NAME?,#NAME?,#NAME?,No,,1.9,1.0,2.9,1.7,#NAME?,100%,1,46%,3,9%,No,72%,No,No,No,,Recurring,40%,B2B,24%,High,53%,High,59%,,5.0,#NAME?,#NAME?,#NAME?,#NAME?,#NAME?,Pre-Profit,51%,,#NAME?,#NAME?,#NAME?,#NAME?,Yes,23%,High,43%,Low,19%,,,#NAME?,#NAME?
,Iliass,1801721,Roula,2/25/2020 12:12 PM,Microventures,https://app.microventures.com/crowdfunding/roula,https://www.sec.gov/Archives/edgar/data/1801721/000180172120000001/xslC_X01/primary_doc.xml,02/24/2020,Veltrav LLC,Roula.cc,,"Leisure, Travel & Turism",MarketplaceTech,Early,Seed,RegCF,,Convertible Note,,,,"$3,200,000",20%,"$2,560,000",2560000,#NAME?,Transactional,B2C,Life Style,Yes,High,Low,No,,3401700000,#NAME?,34017000,#NAME?,0.176,#NAME?,5-10,Low,Low,Similar to others,Low,Low,No,No,Yes,Yes,"$131,164",#NAME?,1246,0,#NAME?,1,#NAME?,Pre-Profit,,No,0,1,No,No,No,No,1,4,0,0,,2,0,51,Yes,,,,,,,,,,,,,,,,,,,,,,,,,,,,,,,,,,,,,,,,,,,,,,2.00,,0.00,,51.00,#NAME?,,#NAME?,3.1,,,#NAME?,Convertible Note,13.3%,Early,,#NAME?,#NAME?,#NAME?,#NAME?,No,,1.2,1.0,2.2,1.1,#NAME?,100%,1,46%,4,12%,No,72%,No,No,No,,Transactional,60%,B2C,41%,High,53%,Low,41%,,5.0,#NAME?,#NAME?,#NAME?,#NAME?,#NAME?,Pre-Profit,51%,,#NAME?,#NAME?,#NAME?,#NAME?,No,77%,Low,56%,Low,19%,,,#NAME?,#NAME?
,Iliass,1777476,Mighty Quinn's Barbeque,02/25/2020 12:18 PM,SeedInvest,https://www.seedinvest.com/mightyquinns/series.b,https://www.sec.gov/Archives/edgar/data/1777476/000177747620000001/xslC_X01/primary_doc.xml,02/18/2020,Mighty Quinn's Holdings LLC,Mighty Quinn's Barbecue,,"Food, Beverage, & Restaurants",Non-Tech,Early,Series B,RegCF,RegD 506(C),Convertible Note,,,,"$40,000,000",20%,"$32,000,000",32000000,#NAME?,Transactional,B2B/B2C,Life Style,Yes,Low,High,No,,8E+11,#NAME?,50000000000,#NAME?,0.098,#NAME?,> 50,Low,Low,Similar to others,Low,High,No,No,Yes,Yes,"$18,442,226",#NAME?,195878,3000000,#NAME?,0.065292667,#NAME?,Pre-Profit,,No,0,3,Yes,No,Yes,No,2,79,0,0,,20,1,42,No,,19,0,41,No,,8,0,43,Yes,,,,,,,,,,,,,,,,,,,,,,,,,,,,,,,,,,,,15.67,,1.00,,42.00,#NAME?,,#NAME?,3.1,,,#NAME?,Convertible Note,13.3%,Early,,#NAME?,#NAME?,#NAME?,#NAME?,No,,2.5,2.0,4.5,3.0,#NAME?,100%,3,4%,79,0%,Yes,28%,No,Yes,No,,Transactional,60%,B2B/B2C,28%,Low,47%,High,59%,,5.0,#NAME?,#NAME?,#NAME?,#NAME?,#NAME?,Pre-Profit,51%,,#NAME?,#NAME?,#NAME?,#NAME?,No,77%,Low,56%,High,80%,,,#NAME?,#NAME?
,Iliass,1802465,Sienna Sauce,02/26/2020 10:07 AM,Republic,https://republic.co/sienna-sauce,https://www.sec.gov/Archives/edgar/data/1802465/000180246520000002/xslC_X01/primary_doc.xml,02/25/2020,Tyla-Simone's Wings LLC,Sienna Sauce,,"Food, Beverage, & Restaurants",Non-Tech,Early,Seed,RegCF,,SAFE,,,,"$5,000,000",20%,"$4,000,000",4000000,#NAME?,Transactional,B2B/B2C,Life Style,No,High,Low,No,,22200000000,#NAME?,22200000000,#NAME?,0.017,#NAME?,> 50,Low,Low,Similar to others,Low,High,No,No,Yes,Yes,"$191,851",#NAME?,2225,35000,#NAME?,0.063571429,#NAME?,Pre-Profit,,No,0,1,No,Yes,Yes,No,1,2,0,0,,3,0,18,No,,,,,,,,,,,,,,,,,,,,,,,,,,,,,,,,,,,,,,,,,,,,,,3.00,,0.00,,18.00,#NAME?,,#NAME?,3.1,,,#NAME?,SAFE,37.8%,Early,,#NAME?,#NAME?,#NAME?,#NAME?,No,,1.3,1.0,2.3,1.2,#NAME?,100%,1,46%,2,16%,No,72%,Yes,Yes,No,,Transactional,60%,B2B/B2C,28%,High,53%,Low,41%,,5.0,#NAME?,#NAME?,#NAME?,#NAME?,#NAME?,Pre-Profit,51%,,#NAME?,#NAME?,#NAME?,#NAME?,No,77%,Low,56%,High,80%,,,#NAME?,#NAME?
,Iliass,1795715,Skinz.gg,2/26/2020 10:14 AM,StartEngine,https://www.startengine.com/skinzgg,https://www.sec.gov/Archives/edgar/data/1795715/000166516020000155/xslC_X01/primary_doc.xml,2/24/2020,Skinz Inc,Skinz.gg,,"Alcohol, Tobacco, & Recreational Drugs",RetailTech,Early,Seed,RegCF,,Equity - Common,,,"$8,000,000",,,,8000000,#NAME?,Transactional,B2C,Life Style,Yes,High,Low,No,,553700000,#NAME?,184566667,#NAME?,0.335,#NAME?,> 50,Low,Low,Similar to others,Low,High,No,No,No,No,$0,#NAME?,0,0,#NAME?,1,#NAME?,Pre-Revenue,,Yes,1,1,No,Yes,Yes,No,1,2,2,0,,1,0,44,Yes,,,,,,,,,,,,,,,,,,,,,,,,,,,,,,,,,,,,,,,,,,,,,,1.00,,0.00,,44.00,#NAME?,,#NAME?,,,,#NAME?,Equity - Common,32.2%,Early,,#NAME?,#NAME?,#NAME?,#NAME?,No,,1.1,1.0,2.1,1.1,#NAME?,100%,1,46%,2,16%,No,72%,Yes,Yes,No,,Transactional,60%,B2C,41%,High,53%,Low,41%,,1.0,#NAME?,#NAME?,#NAME?,#NAME?,#NAME?,Pre-Revenue,20%,,#NAME?,#NAME?,#NAME?,#NAME?,No,77%,Low,56%,High,80%,,,#NAME?,#NAME?
,Iliass,1797565,Biopact,02/26/2020 3:28 PM,Equifund CFP,https://equifundcfp.com/biopact-ct/,https://www.sec.gov/Archives/edgar/data/1797565/000179756520000001/xslC_X01/primary_doc.xml,02/12/2020,"BioPact Cellular Transport, Inc.",BioPact CT,,Biotechnology,BioTech,Early,Seed,RegCF,,Equity - Common,,,"$30,000,000",,,,30000000,#NAME?,Recurring,B2B,High Growth,Yes,High,High,No,,1E+11,#NAME?,1E+11,#NAME?,0.27,#NAME?,40-50,High,Low,Obviously better than others,High,Low,Yes,Yes,No,No,$0,#NAME?,0,0,#NAME?,1,#NAME?,Pre-Revenue,,No,0,1,No,No,No,Yes,1,4,0,0,,12,0,70,No,,,,,,,,,,,,,,,,,,,,,,,,,,,,,,,,,,,,,,,,,,,,,,12.00,,0.00,,70.00,#NAME?,,#NAME?,,,,#NAME?,Equity - Common,32.2%,Early,,#NAME?,#NAME?,#NAME?,#NAME?,Yes,,2.1,1.0,3.1,1.9,#NAME?,100%,1,46%,4,12%,No,72%,No,No,Yes,,Recurring,40%,B2B,24%,High,53%,High,59%,,1.0,#NAME?,#NAME?,#NAME?,#NAME?,#NAME?,Pre-Revenue,20%,,3.0,#NAME?,#NAME?,#NAME?,Yes,23%,High,43%,Low,19%,,,#NAME?,#NAME?
,Iliass,1800212,eCarra,02/27/2020 11:20 AM,WeFunder,https://wefunder.com/ecarra,https://www.sec.gov/Archives/edgar/data/1800212/000167025420000016/xslC_X01/primary_doc.xml,01/17/2020,"eCarra, LLC",eCarra,,"Transportation, Automotive, Aviation, & Aerospace",MarketplaceTech,Early,Series A,RegCF,,SAFE,,,,"$1,000,000",0%,"$1,000,000",1000000,#NAME?,Transactional,B2B/B2C,High Growth,Yes,Low,High,No,,87099440000,#NAME?,87099440000,#NAME?,0.192,#NAME?,10-20,High,Low,Similar to others,High,High,Yes,No,Yes,Yes,"$72,715",#NAME?,16744,344000,#NAME?,0.048674419,#NAME?,Pre-Profit,,Yes,1,2,Yes,No,Yes,No,2,7,1,1,,4,0,46,No,,4,0,,,,,,,,,,,,,,,,,,,,,,,,,,,,,,,,,,,,,,,,,,,4.00,,0.00,,46.00,#NAME?,,#NAME?,1.0,,,#NAME?,SAFE,37.8%,Early,,#NAME?,#NAME?,#NAME?,#NAME?,Yes,,1.4,1.0,2.4,1.3,#NAME?,100%,2,46%,7,4%,Yes,28%,No,Yes,No,,Transactional,60%,B2B/B2C,28%,Low,47%,High,59%,,5.0,#NAME?,#NAME?,#NAME?,#NAME?,#NAME?,Pre-Profit,51%,,3.0,#NAME?,#NAME?,#NAME?,No,77%,High,43%,High,80%,,,#NAME?,#NAME?
,Iliass,1674612,Zelgor,02/28/2020 11:03 AM,NetCapital,https://netcapital.com/companies/zelgor,https://www.sec.gov/Archives/edgar/data/1674612/000166919120000078/xslC_X01/primary_doc.xml,02/27/2020,Zelgor Inc,Zelgor,,Computer Games,GamingTech,Early,Seed,RegCF,,Equity - Common,,,"$4,232,500",,,,4232500,#NAME?,Transactional,B2C,High Growth,Yes,High,Low,No,,49000000000,#NAME?,49000000000,#NAME?,0.029,#NAME?,> 50,High,High,Similar to others,Low,High,No,No,No,No,$0,#NAME?,2890,250000,#NAME?,0.01156,#NAME?,Pre-Product,,Yes,1,1,No,No,No,No,2,4,2,2,,8,0,26,No,,,,,,,,,,,,,,,,,,,,,,,,,,,,,,,,,,,,,,,,,,,,,,8.00,,0.00,,26.00,#NAME?,,#NAME?,,,,#NAME?,Equity - Common,32.2%,Early,,#NAME?,#NAME?,#NAME?,#NAME?,No,,1.8,1.0,2.8,1.6,#NAME?,100%,1,46%,4,12%,No,72%,No,No,No,,Transactional,60%,B2C,41%,High,53%,Low,41%,,1.0,#NAME?,#NAME?,#NAME?,#NAME?,#NAME?,Pre-Product,22%,,#NAME?,#NAME?,#NAME?,#NAME?,No,77%,Low,56%,High,80%,,,#NAME?,#NAME?
,Iliass,1800753,Reset IV,02/28/2020 11:07 AM,StartEngine,https://www.startengine.com/reset-iv,https://www.sec.gov/Archives/edgar/data/1800753/000166516020000164/xslC_X01/primary_doc.xml,2/27/2020,Reset IV Inc.,Reset IV,,"Healthcare, Fitness, Wellness, & Pharmaceuticals",HealthTech,Early,Series A,RegCF,,Equity - Common,,,"$10,000,000",,,,10000000,#NAME?,Transactional,B2C,High Growth,Yes,High,Low,No,,8962000000,#NAME?,8962000000,#NAME?,0.062,#NAME?,5-10,High,Low,Obviously better than others,Low,Low,No,No,Yes,Yes,"$329,427",#NAME?,,0,#NAME?,1,#NAME?,Profitable,,No,0,1,No,No,No,No,2,7,1,0,,3,0,36,No,,,,,,,,,,,,,,,,,,,,,,,,,,,,,,,,,,,,,,,,,,,,,,3.00,,0.00,,36.00,#NAME?,,#NAME?,,,,#NAME?,Equity - Common,32.2%,Early,,#NAME?,#NAME?,#NAME?,#NAME?,No,,1.3,1.0,2.3,1.2,#NAME?,100%,1,46%,7,4%,No,72%,No,No,No,,Transactional,60%,B2C,41%,High,53%,Low,41%,,5.0,#NAME?,#NAME?,#NAME?,#NAME?,#NAME?,Profitable,7%,,3.0,#NAME?,#NAME?,#NAME?,No,77%,Low,56%,Low,19%,,,#NAME?,#NAME?
,Iliass,1783128,Epilog AI,02/28/2020 11:13 AM,StartEngine,https://www.startengine.com/epilog,https://www.sec.gov/Archives/edgar/data/1783128/000166516020000167/xslC_X01/primary_doc.xml,2/27/2020,"Epilog Imaging Systems, Inc.",Epilog AI,,Industrial Automation,AutomationTech,Early,Seed,RegCF,,Equity - Common,,,"$9,200,000",,,,9200000,#NAME?,Transactional,B2B/B2C,High Growth,Yes,High,High,No,,7611630249,#NAME?,7611630249,#NAME?,0.475,#NAME?,5-10,High,High,Obviously better than others,High,Low,No,Yes,No,No,$0,#NAME?,5089,3000000,#NAME?,0.001696333,#NAME?,Pre-Revenue,,Yes,1,2,Yes,No,No,No,2,4,0,0,,6,0,53,Yes,,6,0,28,,,,,,,,,,,,,,,,,,,,,,,,,,,,,,,,,,,,,,,,,,6.00,,0.00,,40.50,#NAME?,,#NAME?,,,,#NAME?,Equity - Common,32.2%,Early,,#NAME?,#NAME?,#NAME?,#NAME?,No,,1.6,1.0,2.6,1.4,#NAME?,100%,2,46%,4,12%,Yes,28%,No,No,No,,Transactional,60%,B2B/B2C,28%,High,53%,High,59%,,1.0,#NAME?,#NAME?,#NAME?,#NAME?,#NAME?,Pre-Revenue,20%,,#NAME?,#NAME?,#NAME?,#NAME?,Yes,23%,High,43%,Low,19%,,,#NAME?,#NAME?
,Iliass,1802761,Anthony's Cookies,02/28/2020 11:18 AM,WeFunder,https://www.sec.gov/Archives/edgar/data/1802761/000167025420000116/xslC_X01/primary_doc.xml,https://www.sec.gov/Archives/edgar/data/1802761/000167025420000116/xslC_X01/primary_doc.xml,02/13/2020,"Anthony's Cookies, Inc",Anthony's Cookies,,"Food, Beverage, & Restaurants",Non-Tech,Early,Series A,RegCF,,Equity - Preferred,,,"$3,600,000",,,,3600000,#NAME?,Transactional,B2C,Life Style,No,Low,Low,No,,18130000000,#NAME?,18130000000,#NAME?,0.002,#NAME?,> 50,Low,Low,Similar to others,Low,High,No,No,Yes,Yes,"$727,179",#NAME?,2897,592741,#NAME?,0.004887463,#NAME?,Pre-Profit,,Yes,4,1,No,No,Yes,No,0,5,0,0,,22,0,42,No,,,,,,,,,,,,,,,,,,,,,,,,,,,,,,,,,,,,,,,,,,,,,,22.00,,0.00,,42.00,#NAME?,,#NAME?,,,,#NAME?,Equity - Preferred,6.7%,Early,,#NAME?,#NAME?,#NAME?,#NAME?,No,,3.1,1.0,4.1,2.6,#NAME?,100%,1,46%,5,13%,No,72%,No,Yes,No,,Transactional,60%,B2C,41%,Low,47%,Low,41%,,5.0,#NAME?,#NAME?,#NAME?,#NAME?,#NAME?,Pre-Profit,51%,,#NAME?,#NAME?,#NAME?,#NAME?,No,77%,Low,56%,High,80%,,,#NAME?,#NAME?
,Iliass,1803861,Melanoid Exchange,02/28/2020 11:23 AM,Buy The Block,https://buytheblock.com/campaign/melanoid-exchange-is-offering-the-crowd-an-opportunity-to-invest-in-a-mobile-ecommercebooking-platform-dedicated-to-connecting-entrepreneurs-of-color-with-the-world,https://www.sec.gov/Archives/edgar/data/1803861/000180386120000002/xslC_X01/primary_doc.xml,02/26/2020,Melanoid Exchange LLC,Melanoid Exchange,,Information Technology and Services,MarketplaceTech,Early,Seed,RegCF,,SAFE,,,,"$11,000,000",0%,"$11,000,000",11000000,#NAME?,Transactional,B2B/B2C,High Growth,Yes,Low,Low,No,,4.19879E+11,#NAME?,56263786000,#NAME?,0.093,#NAME?,> 50,Low,Low,Similar to others,Low,High,Yes,No,Yes,Yes,$0,#NAME?,0,0,#NAME?,1,#NAME?,Pre-Profit,,No,0,2,No,Yes,Yes,No,3,2,0,0,,1,0,25,No,,1,0,25,No,,,,,,,,,,,,,,,,,,,,,,,,,,,,,,,,,,,,,,,,,1.00,,0.00,,25.00,#NAME?,,#NAME?,1.0,,,#NAME?,SAFE,37.8%,Early,,#NAME?,#NAME?,#NAME?,#NAME?,Yes,,1.1,1.0,2.1,1.1,#NAME?,100%,2,46%,2,16%,No,72%,Yes,Yes,No,,Transactional,60%,B2B/B2C,28%,Low,47%,Low,41%,,5.0,#NAME?,#NAME?,#NAME?,#NAME?,#NAME?,Pre-Profit,51%,,#NAME?,#NAME?,#NAME?,#NAME?,No,77%,Low,56%,High,80%,,,#NAME?,#NAME?
,Iliass,1752109,Roots & Vine Produce and Caf,2/28/2020 11:26 AM,Buy The Block,https://buytheblock.com/campaign/connecting-farmers-to-people-reconnecting-people-to-real-food-1,https://www.sec.gov/Archives/edgar/data/1752109/000175210920000003/xslC_X01/primary_doc.xml,02/26/2020,"Roots & Vine Produce & Cafe, Inc.",Roots & Vine Produce & Cafe,,"Food, Beverage, & Restaurants",Non-Tech,Early,Seed,RegCF,,Equity - Common,,,"$215,000",,,,215000,#NAME?,Transactional,B2C,Life Style,No,Low,Low,No,,49067500000,#NAME?,49067500000,#NAME?,0.033,#NAME?,> 50,Low,Low,Similar to others,Low,High,No,No,No,No,$0,#NAME?,0,0,#NAME?,1,#NAME?,Pre-Product,,No,0,1,No,Yes,Yes,No,1,3,1,0,,20,0,42,No,,,,,,,,,,,,,,,,,,,,,,,,,,,,,,,,,,,,,,,,,,,,,,20.00,,0.00,,42.00,#NAME?,,#NAME?,,,,#NAME?,Equity - Common,32.2%,Early,,#NAME?,#NAME?,#NAME?,#NAME?,No,,2.9,1.0,3.9,2.5,#NAME?,100%,1,46%,3,9%,No,72%,Yes,Yes,No,,Transactional,60%,B2C,41%,Low,47%,Low,41%,,1.0,#NAME?,#NAME?,#NAME?,#NAME?,#NAME?,Pre-Product,22%,,#NAME?,#NAME?,#NAME?,#NAME?,No,77%,Low,56%,High,80%,,,#NAME?,#NAME?
,Iliass,1803793,Yahyn,3/2/2020 10:39 AM,NetCapital,https://netcapital.com/companies/yahyn,https://www.sec.gov/Archives/edgar/data/1803793/000166919120000084/xslC_X01/primary_doc.xml,2/28/2020,"Puro Trader, Inc",Yahyn,,"Alcohol, Tobacco, & Recreational Drugs",MarketplaceTech,Early,Seed,RegCF,,Equity - Common,,,"$4,955,781",,,,4955781,#NAME?,Transactional,B2C,High Growth,Yes,High,Low,No,,3.85109E+11,#NAME?,70000000000,#NAME?,0.034,#NAME?,> 50,High,Low,Obviously better than others,High,Low,No,No,Yes,Yes,"$17,162",#NAME?,50812,500000,#NAME?,0.101624,#NAME?,Pre-Profit,,Yes,3,1,No,No,No,No,1,5,0,3,,3,0,40,No,,,,,,,,,,,,,,,,,,,,,,,,,,,,,,,,,,,,,,,,,,,,,,3.00,,0.00,,40.00,#NAME?,,#NAME?,,,,#NAME?,Equity - Common,32.2%,Early,,#NAME?,#NAME?,#NAME?,#NAME?,No,,1.3,1.0,2.3,1.2,#NAME?,100%,1,46%,5,13%,No,72%,No,No,No,,Transactional,60%,B2C,41%,High,53%,Low,41%,,5.0,#NAME?,#NAME?,#NAME?,#NAME?,#NAME?,Pre-Profit,51%,,3.0,#NAME?,#NAME?,#NAME?,No,77%,High,43%,Low,19%,,,#NAME?,#NAME?
,Iliass,1802096,Teooh,03/02/2020 10:55 AM,Republic,https://republic.co/teooh,https://www.sec.gov/Archives/edgar/data/1802096/000180209620000006/xslC_X01/primary_doc.xml,02/25/2020,"Teooh, Inc",Teooh,,Events Services,MediaTech,Early,Seed,RegCF,RegD 506(B),SAFE,,,,"$10,000,000",0%,"$10,000,000",10000000,#NAME?,Transactional,B2B,High Growth,Yes,High,High,No,,8.6E+11,#NAME?,8.6E+11,#NAME?,0.07,#NAME?,10-20,High,High,Obviously better than others,High,Low,No,No,No,No,$0,#NAME?,134307,2440000,#NAME?,0.055043852,#NAME?,Pre-Revenue,,No,0,1,No,No,No,No,2,8,0,3,,2,0,42,No,,,,,,,,,,,,,,,,,,,,,,,,,,,,,,,,,,,,,,,,,,,,,,2.00,,0.00,,42.00,#NAME?,,#NAME?,1.0,,,#NAME?,SAFE,37.8%,Early,,#NAME?,#NAME?,#NAME?,#NAME?,No,,1.2,1.0,2.2,1.1,#NAME?,100%,1,46%,8,6%,No,72%,No,No,No,,Transactional,60%,B2B,24%,High,53%,High,59%,,1.0,#NAME?,#NAME?,#NAME?,#NAME?,#NAME?,Pre-Revenue,20%,,#NAME?,#NAME?,#NAME?,#NAME?,No,77%,High,43%,Low,19%,,,#NAME?,#NAME?
,Iliass,1690474,Blue,03/02/2020 10:58 AM,Republic,https://republic.co/blue,https://www.sec.gov/Archives/edgar/data/1690474/000169047420000002/xslC_X01/primary_doc.xml,02/28/2020,"Follow-Mee, Inc.",Blue,,Consumer Elecronics,HardwareTech,Early,Seed,RegCF,,SAFE,,,,"$14,750,000",0%,"$14,750,000",14750000,#NAME?,Transactional,B2B/B2C,High Growth,Yes,High,High,No,,1200000000,#NAME?,1200000000,#NAME?,0.033,#NAME?,5-10,High,Low,Obviously better than others,High,High,No,Yes,Yes,Yes,$0,#NAME?,10181,600000,#NAME?,0.016968333,#NAME?,Pre-Profit,,No,0,4,Yes,Yes,Yes,No,7,11,2,0,,4,0,28,No,,8,0,28,No,,4,0,28,No,,4,0,60,Yes,,,,,,,,,,,,,,,,,,,,,,,,,,,,,,,5.00,,0.00,,36.00,#NAME?,,#NAME?,1.0,,,#NAME?,SAFE,37.8%,Early,,#NAME?,#NAME?,#NAME?,#NAME?,No,,1.5,1.0,2.5,1.4,#NAME?,100%,4,4%,11,3%,Yes,28%,Yes,Yes,No,,Transactional,60%,B2B/B2C,28%,High,53%,High,59%,,5.0,#NAME?,#NAME?,#NAME?,#NAME?,#NAME?,Pre-Profit,51%,,3.0,#NAME?,#NAME?,#NAME?,Yes,23%,High,43%,High,80%,,,#NAME?,#NAME?
,Iliass,1749594,Asarasi,03/02/2020 11:01 AM,Republic,https://republic.co/asarasi,https://www.sec.gov/Archives/edgar/data/1749594/000174959420000001/xslC_X01/primary_doc.xml,02/24/2020,"Asarasi, Inc.",Asarasi,,"Food, Beverage, & Restaurants",CleanTech,Early,Seed,RegCF,,SAFE,,,,"$10,000,000",10%,"$9,000,000",9000000,#NAME?,Transactional,B2B/B2C,Life Style,No,High,High,Yes,,3.05061E+11,#NAME?,3.05061E+11,#NAME?,0.064,#NAME?,> 50,High,Low,Similar to others,High,High,Yes,No,Yes,Yes,"$184,942",#NAME?,14764,1050000,#NAME?,0.014060952,#NAME?,Pre-Profit,,Yes,2,1,No,No,No,No,3,5,11,3,,7,0,38,No,,,,,,,,,,,,,,,,,,,,,,,,,,,,,,,,,,,,,,,,,,,,,,7.00,,0.00,,38.00,#NAME?,,#NAME?,2.1,,,#NAME?,SAFE,37.8%,Early,,#NAME?,#NAME?,#NAME?,#NAME?,Yes,,1.7,1.0,2.7,1.5,#NAME?,100%,1,46%,5,13%,No,72%,No,No,No,,Transactional,60%,B2B/B2C,28%,High,53%,High,59%,,5.0,#NAME?,#NAME?,#NAME?,#NAME?,#NAME?,Pre-Profit,51%,,3.0,#NAME?,#NAME?,#NAME?,No,77%,High,43%,High,80%,,,#NAME?,#NAME?
,Iliass,1793079,Hearo.Live,03/02/2020 11:04 AM,Republic,https://republic.co/hearo-live,https://www.sec.gov/Archives/edgar/data/1793079/000179307920000001/xslC_X01/primary_doc.xml,02/28/2020,"PiQPiQ, Inc.",Hearo.Live,,Online Media,MediaTech,Early,Seed,RegCF,,SAFE,,,,"$12,500,000",20%,"$10,000,000",10000000,#NAME?,Recurring,B2B2C,High Growth,Yes,High,High,No,,1338269900,#NAME?,1338269900,#NAME?,0.103,#NAME?,> 50,High,Low,Obviously better than others,High,High,No,No,Yes,Yes,$0,#NAME?,34961,1800000,#NAME?,0.019422778,#NAME?,Pre-Profit,,Yes,10,2,Yes,No,Yes,No,2,7,0,9,,35,3,60,No,,9,0,31,Yes,,,,,,,,,,,,,,,,,,,,,,,,,,,,,,,,,,,,,,,,,22.00,,3.00,,45.50,#NAME?,,#NAME?,3.1,,,#NAME?,SAFE,37.8%,Early,,#NAME?,#NAME?,#NAME?,#NAME?,No,,3.1,4.0,7.1,5.0,#NAME?,100%,2,46%,7,4%,Yes,28%,No,Yes,No,,Recurring,40%,B2B2C,7%,High,53%,High,59%,,5.0,#NAME?,#NAME?,#NAME?,#NAME?,#NAME?,Pre-Profit,51%,,3.0,#NAME?,#NAME?,#NAME?,No,77%,High,43%,High,80%,,,#NAME?,#NAME?
,Francis,1761248,Open Box Buy,1/15/2019 3:19 PM,StartEngine,https://www.startengine.com/openboxbuy,https://www.sec.gov/Archives/edgar/data/1761248/000166516020000187/xslC_X01/primary_doc.xml,03/02/2020,Open Box Buy Corp,Open Box Buy,,Supermarkets,Non-Tech,Early,Seed,RegCF,,Convertible Note,,,,"$15,000,000",20%,"$12,000,000",12000000,#NAME?,Transactional,B2C,Life Style,No,Low,High,No,,60000000000,#NAME?,200000000,#NAME?,0.04,#NAME?,5-10,Low,Low,Similar to others,Low,High,No,No,No,No,$0,#NAME?,3832,0,#NAME?,1,#NAME?,Pre-Product,,No,0,1,No,No,No,No,1,1,0,0,,15,2,46,No,,,,,,,,,,,,,,,,,,,,,,,,,,,,,,,,,,,,,,,,,,,,,,15.00,,2.00,,46.00,#NAME?,,#NAME?,3.1,,,#NAME?,Convertible Note,13.3%,Early,,#NAME?,#NAME?,#NAME?,#NAME?,No,,2.4,3.0,5.4,3.7,#NAME?,100%,1,46%,1,8%,No,72%,No,No,No,,Transactional,60%,B2C,41%,Low,47%,High,59%,,1.0,#NAME?,#NAME?,#NAME?,#NAME?,#NAME?,Pre-Product,22%,,#NAME?,#NAME?,#NAME?,#NAME?,No,77%,Low,56%,High,80%,,,#NAME?,#NAME?
,Francis,1758617,Karaganda,1/23/2019 7:54 AM,StartEngine,https://www.startengine.com/karaganda,https://www.sec.gov/Archives/edgar/data/1758617/000166516019001233/xslC_X01/primary_doc.xml,12/20/2019,"Karaganda, LLC",Karaganda,,Motion Pictures & Film,Non-Tech,Early,Pre-Seed,RegCF,,Equity - Common,,,"$100,000",,,,100000,#NAME?,Transactional,B2B2C,Life Style,No,Low,High,No,,50000000000,#NAME?,1000000,#NAME?,0.02,#NAME?,> 50,Low,Low,Obviously worse than others,Low,High,No,No,No,No,$0,#NAME?,486,0,#NAME?,1,#NAME?,Pre-Product,,No,0,1,No,No,No,No,1,3,0,0,,5,0,38,No,,,,,,,,,,,,,,,,,,,,,,,,,,,,,,,,,,,,,,,,,,,,,,5.00,,0.00,,38.00,#NAME?,,#NAME?,,,,#NAME?,Equity - Common,32.2%,Early,,#NAME?,#NAME?,#NAME?,#NAME?,No,,1.5,1.0,2.5,1.4,#NAME?,100%,1,46%,3,9%,No,72%,No,No,No,,Transactional,60%,B2B2C,7%,Low,47%,High,59%,,1.0,#NAME?,#NAME?,#NAME?,#NAME?,#NAME?,Pre-Product,22%,,#NAME?,#NAME?,#NAME?,#NAME?,No,77%,Low,56%,High,80%,,,#NAME?,#NAME?
,Francis,1762827,GURU by MSBAI,01/24/2019 2:19 PM,StartEngine,https://www.startengine.com/msbai,https://www.sec.gov/Archives/edgar/data/1762827/000166516020000129/xslC_X01/primary_doc.xml,02/14/2020,"microsurgeonbot, Inc",MSBAI,,Computer Software,EnterpriseTech,Early,Pre-Seed,RegCF,,Equity - Common,,,"$5,984,000",,,,5984000,#NAME?,Recurring,B2B,High Growth,Yes,High,Low,Yes,,75000000000,#NAME?,1000000000,#NAME?,0.25,#NAME?,5-10,High,Low,Similar to others,Low,Low,No,No,No,No,$0,#NAME?,3168,0,#NAME?,1,#NAME?,Pre-Product,,Yes,1,2,No,No,No,No,1,1,0,0,,20,0,45,No,,15,0,45,No,,,,,,,,,,,,,,,,,,,,,,,,,,,,,,,,,,,,,,,,,17.50,,0.00,,45.00,#NAME?,,#NAME?,,,,#NAME?,Equity - Common,32.2%,Early,,#NAME?,#NAME?,#NAME?,#NAME?,No,,2.7,1.0,3.7,2.3,#NAME?,100%,2,46%,1,8%,No,72%,No,No,No,,Recurring,40%,B2B,24%,High,53%,Low,41%,,1.0,#NAME?,#NAME?,#NAME?,#NAME?,#NAME?,Pre-Product,22%,,3.0,#NAME?,#NAME?,#NAME?,No,77%,Low,56%,Low,19%,,,#NAME?,#NAME?
,Francis,1765252,QwikLeaf,2/4/2019 10:55 AM,Fundanna,https://fundanna.com/equity/offer-summary/QwikLeaf,https://www.sec.gov/Archives/edgar/data/1765252/000176525220000002/xslC_X01/primary_doc.xml,01/30/2020,QWIKLEAF LLC,QwikLeaf,,"Alcohol, Tobacco, & Recreational Drugs",CommerceTech,Early,Pre-Seed,RegCF,,Convertible Note,,,,"$5,000,000",20%,"$4,000,000",4000000,#NAME?,Recurring,B2B,High Growth,Yes,High,Low,No,,30000000000,#NAME?,100000000,#NAME?,0.17,#NAME?,20-30,High,Low,Obviously better than others,High,High,No,No,No,No,$0,#NAME?,213,0,#NAME?,1,#NAME?,Pre-Product,,Yes,1,1,No,No,No,No,1,1,0,0,,0,0,26,No,,,,,,,,,,,,,,,,,,,,,,,,,,,,,,,,,,,,,,,,,,,,,,0.00,,0.00,,26.00,#NAME?,,#NAME?,3.1,,,#NAME?,Convertible Note,13.3%,Early,,#NAME?,#NAME?,#NAME?,#NAME?,No,,1.0,1.0,2.0,1.0,#NAME?,100%,1,46%,1,8%,No,72%,No,No,No,,Recurring,40%,B2B,24%,High,53%,Low,41%,,1.0,#NAME?,#NAME?,#NAME?,#NAME?,#NAME?,Pre-Product,22%,,3.0,#NAME?,#NAME?,#NAME?,No,77%,High,43%,High,80%,,,#NAME?,#NAME?
,Francis,1769308,WaterRR,02/28/2019 1:39 PM,StartEngine,https://www.startengine.com/waterrr-inc,https://www.sec.gov/Archives/edgar/data/1769308/000166516020000048/xslC_X01/primary_doc.xml,01/24/2020,"WaterRR, Inc.",WaterRR,,Enviromental Services,CleanTech,Early,Pre-Seed,RegCF,,Equity - Common,,,"$3,900,000",,,,3900000,#NAME?,Recurring,B2B,Life Style,No,Low,High,No,,30000000000,#NAME?,2000000000,#NAME?,0.05,#NAME?,< 5,High,Low,Obviously better than others,High,High,Yes,Yes,No,No,$0,#NAME?,0,0,#NAME?,1,#NAME?,Pre-Revenue,,Yes,2,1,No,No,No,No,1,3,0,0,,15,0,60,No,,,,,,,,,,,,,,,,,,,,,,,,,,,,,,,,,,,,,,,,,,,,,,15.00,,0.00,,60.00,#NAME?,,#NAME?,,,,#NAME?,Equity - Common,32.2%,Early,,#NAME?,#NAME?,#NAME?,#NAME?,Yes,,2.4,1.0,3.4,2.1,#NAME?,100%,1,46%,3,9%,No,72%,No,No,No,,Recurring,40%,B2B,24%,Low,47%,High,59%,,1.0,#NAME?,#NAME?,#NAME?,#NAME?,#NAME?,Pre-Revenue,20%,,3.0,#NAME?,#NAME?,#NAME?,Yes,23%,High,43%,High,80%,,,#NAME?,#NAME?
,Francis,1769670,81-c,03/07/2019 7:00 PM,StartEngine,https://www.startengine.com/81-c,https://www.sec.gov/Archives/edgar/data/1769670/000166516020000188/xslC_X01/primary_doc.xml,3/3/2020,"81-c, Inc.",81-c,,Financial & Insurance Products & Services,Non-Tech,Early,Seed,RegCF,,Equity - Tokens,,,"$1,250,000",,,,1250000,#NAME?,Recurring,B2B,Life Style,No,High,High,No,,5.8E+12,#NAME?,50000000,#NAME?,0.08,#NAME?,20-30,High,Low,Similar to others,Low,Low,No,No,No,No,$0,#NAME?,,0,#NAME?,1,#NAME?,Pre-Profit,,No,0,2,No,Yes,No,No,2,13,1,0,,15,1,40,No,,10,0,36,No,,,,,,,,,,,,,,,,,,,,,,,,,,,,,,,,,,,,,,,,,12.50,,1.00,,38.00,#NAME?,,#NAME?,,,,#NAME?,Equity - Tokens,0.0%,Early,,#NAME?,#NAME?,#NAME?,#NAME?,No,,2.2,2.0,4.2,2.7,#NAME?,100%,2,46%,13,2%,No,72%,Yes,No,No,,Recurring,40%,B2B,24%,High,53%,High,59%,,1.0,#NAME?,#NAME?,#NAME?,#NAME?,#NAME?,Pre-Profit,51%,,3.0,#NAME?,#NAME?,#NAME?,No,77%,Low,56%,Low,19%,,,#NAME?,#NAME?
,Francis,1767862,Trella Technologies,03/20/2019 1:09 PM,StartEngine,https://www.startengine.com/trella,https://www.sec.gov/Archives/edgar/data/1767862/000166516020000104/xslC_X01/primary_doc.xml,2/11/2020,Trella Technologies LLC,Trella Technologies,,Farming,AgriTech,Early,Pre-Seed,RegCF,,Convertible Note,,,,"$30,000,000",20%,"$24,000,000",24000000,#NAME?,Transactional,B2B/B2C,Life Style,No,High,High,No,,35000000000,#NAME?,4000000000,#NAME?,0.1,#NAME?,5-10,High,Low,Obviously better than others,Low,Low,No,No,No,Yes,$68,#NAME?,3660,0,#NAME?,1,#NAME?,Pre-Profit,,Yes,1,2,No,Yes,Yes,No,1,2,3,0,,15,0,40,No,,15,0,39,No,,,,,,,,,,,,,,,,,,,,,,,,,,,,,,,,,,,,,,,,,15.00,,0.00,,39.50,#NAME?,,#NAME?,3.1,,,#NAME?,Convertible Note,13.3%,Early,,#NAME?,#NAME?,#NAME?,#NAME?,No,,2.4,1.0,3.4,2.1,#NAME?,100%,2,46%,2,16%,No,72%,Yes,Yes,No,,Transactional,60%,B2B/B2C,28%,High,53%,High,59%,,5.0,#NAME?,#NAME?,#NAME?,#NAME?,#NAME?,Pre-Profit,51%,,3.0,#NAME?,#NAME?,#NAME?,No,77%,Low,56%,Low,19%,,,#NAME?,#NAME?
,Francis,1771429,Como Audio,03/26/2019 1:29 PM,WeFunder,https://wefunder.com/como.audio,https://www.sec.gov/Archives/edgar/data/1771429/000167025419000123/xslC_X01/primary_doc.xml,3/22/2019,"Como Audio, Inc.",Como Audio,,Music,HardwareTech,Early,Pre-Seed,RegCF,,Equity - Preferred,,,"$10,000,000",,,,10000000,#NAME?,Transactional,B2C,High Growth,No,Low,High,No,,10000000000,#NAME?,2000000000,#NAME?,0.15,#NAME?,10-20,Low,Low,Similar to others,Low,High,No,No,Yes,Yes,"$1,943,802",#NAME?,74802,5674579,#NAME?,0.013181947,#NAME?,Pre-Profit,,No,0,1,No,No,No,No,1,8,0,0,,30,2,60,No,,,,,,,,,,,,,,,,,,,,,,,,,,,,,,,,,,,,,,,,,,,,,,30.00,,2.00,,60.00,#NAME?,,#NAME?,,,,#NAME?,Equity - Preferred,6.7%,Early,,#NAME?,#NAME?,#NAME?,#NAME?,No,,3.9,3.0,6.9,4.8,#NAME?,100%,1,46%,8,6%,No,72%,No,No,No,,Transactional,60%,B2C,41%,Low,47%,High,59%,,5.0,#NAME?,#NAME?,#NAME?,#NAME?,#NAME?,Pre-Profit,51%,,#NAME?,#NAME?,#NAME?,#NAME?,No,77%,Low,56%,High,80%,,,#NAME?,#NAME?
,Francis,1771389,Shira Productions,04/01/2019 2:28 PM,Razitall,https://www.razitall.com/pitch/life-after-heart-transplant-a-documentary,https://www.sec.gov/Archives/edgar/data/1771389/000166828719000009/xslC_X01/primary_doc.xml,4/1/2019,"Shira Productions, LLC",Shira Productions,,Motion Pictures & Film,Non-Tech,Early,Pre-Seed,RegCF,,CAFES,,,,"$1,600,000",0%,"$1,600,000",1600000,#NAME?,Transactional,B2B2C,Life Style,No,Low,High,No,,50000000,#NAME?,15000000,#NAME?,0.02,#NAME?,> 50,Low,Low,Obviously worse than others,Low,High,No,No,No,No,$0,#NAME?,0,0,#NAME?,1,#NAME?,Pre-Product,,No,0,1,No,No,No,No,1,1,0,0,,0,0,60,No,,,,,,,,,,,,,,,,,,,,,,,,,,,,,,,,,,,,,,,,,,,,,,0.00,,0.00,,60.00,#NAME?,,#NAME?,1.0,,,#NAME?,CAFES,10.0%,Early,,#NAME?,#NAME?,#NAME?,#NAME?,No,,1.0,1.0,2.0,1.0,#NAME?,100%,1,46%,1,8%,No,72%,No,No,No,,Transactional,60%,B2B2C,7%,Low,47%,High,59%,,1.0,#NAME?,#NAME?,#NAME?,#NAME?,#NAME?,Pre-Product,22%,,#NAME?,#NAME?,#NAME?,#NAME?,No,77%,Low,56%,High,80%,,,#NAME?,#NAME?
,Francis,1772701,Simpkins E-Bikes,04/04/2019 2:25 PM,Razitall,https://www.razitall.com/pitch/simpkins-electric-bicycles,https://www.sec.gov/Archives/edgar/data/1772701/000166828719000011/xslC_X01/primary_doc.xml,4/4/2019,"Simpkins E-Bikes, Inc.",Simpkins E-Bikes,,"Healthcare, Fitness, Wellness, & Pharmaceuticals",HealthTech,Early,Pre-Seed,RegCF,,CAFES,,,,"$750,000",0%,"$750,000",750000,#NAME?,Transactional,B2B,Life Style,No,Low,High,No,,25000000000,#NAME?,1000000000,#NAME?,0.15,#NAME?,10-20,Low,Low,Similar to others,Low,Low,No,No,No,No,$0,#NAME?,0,0,#NAME?,1,#NAME?,Pre-Product,,No,0,1,No,No,No,No,1,1,0,0,,30,0,60,No,,,,,,,,,,,,,,,,,,,,,,,,,,,,,,,,,,,,,,,,,,,,,,30.00,,0.00,,60.00,#NAME?,,#NAME?,1.0,,,#NAME?,CAFES,10.0%,Early,,#NAME?,#NAME?,#NAME?,#NAME?,No,,3.9,1.0,4.9,3.2,#NAME?,100%,1,46%,1,8%,No,72%,No,No,No,,Transactional,60%,B2B,24%,Low,47%,High,59%,,1.0,#NAME?,#NAME?,#NAME?,#NAME?,#NAME?,Pre-Product,22%,,#NAME?,#NAME?,#NAME?,#NAME?,No,77%,Low,56%,Low,19%,,,#NAME?,#NAME?
,Francis,1796364,NovoMoto,01/06/2020 11:38 AM,WeFunder,https://wefunder.com/novomoto,https://www.sec.gov/Archives/edgar/data/1796364/000167025419000730/xslC_X01/primary_doc.xml,12/19/2019,Novomoto LLC,Novomoto,,Renewables & Envirnoment,CleanTech,Early,Pre-Seed,RegCF,,Convertible Note,,,,"$4,500,000",20%,"$3,600,000",3600000,#NAME?,Recurring,B2C,Life Style,No,Low,High,No,,25000000000,#NAME?,1000000000,#NAME?,0.3,#NAME?,5-10,Low,High,Obviously better than others,Low,High,Yes,No,Yes,Yes,"$21,045",#NAME?,2552,40000,#NAME?,0.0638,#NAME?,Pre-Profit,,No,0,2,Yes,No,Yes,No,4,5,0,0,,2,0,30,No,,2,0,33,No,,,,,,,,,,,,,,,,,,,,,,,,,,,,,,,,,,,,,,,,,2.00,,0.00,,31.50,#NAME?,,#NAME?,3.1,,,#NAME?,Convertible Note,13.3%,Early,,#NAME?,#NAME?,#NAME?,#NAME?,Yes,,1.2,1.0,2.2,1.1,#NAME?,100%,2,46%,5,13%,Yes,28%,No,Yes,No,,Recurring,40%,B2C,41%,Low,47%,High,59%,,5.0,#NAME?,#NAME?,#NAME?,#NAME?,#NAME?,Pre-Profit,51%,,3.0,#NAME?,#NAME?,#NAME?,No,77%,Low,56%,High,80%,,,#NAME?,#NAME?
,Francis,1707572,Oodles Corporation,01/06/2020 11:42 AM,WeFunder,https://wefunder.com/oodles,https://www.sec.gov/Archives/edgar/data/1707572/000167025419000728/xslC_X01/primary_doc.xml,12/19/2019,Oodles Corporation,Oodles,,"Food, Beverage, & Restaurants",FoodTech,Early,Seed,RegCF,,SAFE,,,,"$10,000,000",20%,"$8,000,000",8000000,#NAME?,Recurring,B2C,High Growth,Yes,High,Low,No,,1E+11,#NAME?,200000000,#NAME?,0.03,#NAME?,5-10,High,Low,Obviously better than others,Low,High,No,No,Yes,Yes,"$9,301",#NAME?,13464,675789,#NAME?,0.019923378,#NAME?,Pre-Profit,,No,0,2,No,No,Yes,No,4,4,0,0,,20,0,52,Yes,,20,0,48,Yes,,,,,,,,,,,,,,,,,,,,,,,,,,,,,,,,,,,,,,,,,20.00,,0.00,,50.00,#NAME?,,#NAME?,3.1,,,#NAME?,SAFE,37.8%,Early,,#NAME?,#NAME?,#NAME?,#NAME?,No,,2.9,1.0,3.9,2.5,#NAME?,100%,2,46%,4,12%,No,72%,No,Yes,No,,Recurring,40%,B2C,41%,High,53%,Low,41%,,5.0,#NAME?,#NAME?,#NAME?,#NAME?,#NAME?,Pre-Profit,51%,,3.0,#NAME?,#NAME?,#NAME?,No,77%,Low,56%,High,80%,,,#NAME?,#NAME?
,Francis,1783627,Narrative Food,01/06/2020 12:05 PM,WeFunder,https://wefunder.com/narrative.food,https://www.sec.gov/Archives/edgar/data/1783627/000167025419000534/xslC_X01/primary_doc.xml,9/20/2019,"Out of the Box Collective, Inc.",Narrative Food,,"Food, Beverage, & Restaurants",RetailTech,Early,Seed,RegCF,,Equity - Preferred,,,"$2,000,000",,,,2000000,#NAME?,Transactional,B2C,Life Style,No,Low,High,No,,7000000000,#NAME?,100000000,#NAME?,0.3,#NAME?,40-50,Low,Low,Similar to others,Low,High,No,No,Yes,Yes,"$510,377",#NAME?,0,131876,#NAME?,1,#NAME?,Profitable,,No,0,1,No,Yes,No,No,1,1,0,0,,0,0,57,No,,,,,,,,,,,,,,,,,,,,,,,,,,,,,,,,,,,,,,,,,,,,,,0.00,,0.00,,57.00,#NAME?,,#NAME?,,,,#NAME?,Equity - Preferred,6.7%,Early,,#NAME?,#NAME?,#NAME?,#NAME?,No,,1.0,1.0,2.0,1.0,#NAME?,100%,1,46%,1,8%,No,72%,Yes,No,No,,Transactional,60%,B2C,41%,Low,47%,High,59%,,5.0,#NAME?,#NAME?,#NAME?,#NAME?,#NAME?,Profitable,7%,,#NAME?,#NAME?,#NAME?,#NAME?,No,77%,Low,56%,High,80%,,,#NAME?,#NAME?
,Francis,1763898,SecretDays,01/07/2020 11:53 AM,Razitall,https://www.razitall.com/pitch/an-online-ed-tech-industry-app-through-a-call,https://www.sec.gov/Archives/edgar/data/1763898/000166828719000006/xslC_X01/primary_doc.xml,3/15/2019,SECRETDAYS CO,SecretDays,,"Education, Training, & Coaching",EdTech,Early,Pre-Seed,RegCF,,CAFES,,,,"$580,000",0%,"$580,000",580000,#NAME?,Transactional,B2C,Life Style,No,High,Low,No,,7500000000,#NAME?,10000000,#NAME?,0.09,#NAME?,> 50,Low,Low,Obviously worse than others,Low,High,No,No,No,No,$0,#NAME?,0,0,#NAME?,1,#NAME?,Pre-Product,,No,0,1,No,No,Yes,No,1,1,0,0,,0,0,30,No,,,,,,,,,,,,,,,,,,,,,,,,,,,,,,,,,,,,,,,,,,,,,,0.00,,0.00,,30.00,#NAME?,,#NAME?,1.0,,,#NAME?,CAFES,10.0%,Early,,#NAME?,#NAME?,#NAME?,#NAME?,No,,1.0,1.0,2.0,1.0,#NAME?,100%,1,46%,1,8%,No,72%,No,Yes,No,,Transactional,60%,B2C,41%,High,53%,Low,41%,,1.0,#NAME?,#NAME?,#NAME?,#NAME?,#NAME?,Pre-Product,22%,,#NAME?,#NAME?,#NAME?,#NAME?,No,77%,Low,56%,High,80%,,,#NAME?,#NAME?
,Francis,1797421,NIRA Skin,01/08/2020 11:16 AM,StartEngine,https://www.startengine.com/nira-skin,https://www.sec.gov/Archives/edgar/data/1797421/000166516020000023/xslC_X01/primary_doc.xml,1/8/2020,Dermal Photonics Corporation,NIRA Skin,,"Healthcare, Fitness, Wellness, & Pharmaceuticals",HealthTech,Early,Pre-Seed,RegCF,,Equity - Common,,,"$16,000,000",,,,16000000,#NAME?,Transactional,B2B/B2C,Life Style,No,High,High,No,,1E+11,#NAME?,1000000000,#NAME?,0.04,#NAME?,10-20,High,High,Obviously better than others,Low,High,No,Yes,Yes,Yes,"$2,388",#NAME?,27978,0,#NAME?,1,#NAME?,Pre-Profit,,No,0,1,No,No,No,No,2,8,0,0,,15,0,53,No,,,,,,,,,,,,,,,,,,,,,,,,,,,,,,,,,,,,,,,,,,,,,,15.00,,0.00,,53.00,#NAME?,,#NAME?,,,,#NAME?,Equity - Common,32.2%,Early,,#NAME?,#NAME?,#NAME?,#NAME?,No,,2.4,1.0,3.4,2.1,#NAME?,100%,1,46%,8,6%,No,72%,No,No,No,,Transactional,60%,B2B/B2C,28%,High,53%,High,59%,,5.0,#NAME?,#NAME?,#NAME?,#NAME?,#NAME?,Pre-Profit,51%,,#NAME?,#NAME?,#NAME?,#NAME?,Yes,23%,Low,56%,High,80%,,,#NAME?,#NAME?
,Francis,1716822,70 Million Jobs,01/09/2020 11:43 AM,Republic,https://republic.co/70-million-jobs,https://www.sec.gov/Archives/edgar/data/1716822/000171682220000004/xslC_X01/primary_doc.xml,1/10/2020,"70 Million Resources, Inc.",70 Million Jobs,,"Business Services, Software, & Applications",MarketplaceTech,Early,Seed,RegCF,,SAFE,,,,"$10,000,000",0%,"$10,000,000",10000000,#NAME?,Transactional,B2B/B2C,High Growth,Yes,Low,Low,Yes,,1.6E+11,#NAME?,1000000000,#NAME?,0.1,#NAME?,> 50,High,High,Obviously better than others,Low,Low,Yes,No,Yes,Yes,"$86,992",#NAME?,35537,1400000,#NAME?,0.025383571,#NAME?,Pre-Profit,,Yes,3,1,No,No,No,No,1,8,0,1,,20,1,66,No,,,,,,,,,,,,,,,,,,,,,,,,,,,,,,,,,,,,,,,,,,,,,,20.00,,1.00,,66.00,#NAME?,,#NAME?,1.0,,,#NAME?,SAFE,37.8%,Early,,#NAME?,#NAME?,#NAME?,#NAME?,Yes,,2.9,2.0,4.9,3.3,#NAME?,100%,1,46%,8,6%,No,72%,No,No,No,,Transactional,60%,B2B/B2C,28%,Low,47%,Low,41%,,5.0,#NAME?,#NAME?,#NAME?,#NAME?,#NAME?,Pre-Profit,51%,,#NAME?,#NAME?,#NAME?,#NAME?,No,77%,Low,56%,Low,19%,,,#NAME?,#NAME?
,Francis,1791548,Natural Selection,01/09/2020 11:46 AM,Republic,https://republic.co/natural-selection,https://www.sec.gov/Archives/edgar/data/1791548/000179154820000001/xslC_X01/primary_doc.xml,1/9/2020,"Natural Selection Nutrition, LLC",Natural Selection,,"Healthcare, Fitness, Wellness, & Pharmaceuticals",Non-Tech,Early,Seed,RegCF,,SAFE,,,,"$8,000,000",15%,"$6,800,000",6800000,#NAME?,Recurring,B2C,Life Style,No,Low,High,No,,50000000000,#NAME?,1000000000,#NAME?,0.03,#NAME?,> 50,Low,Low,Similar to others,Low,High,No,No,Yes,Yes,"$906,604",#NAME?,19642,0,#NAME?,1,#NAME?,Pre-Profit,,Yes,1,2,Yes,Yes,Yes,No,1,24,2,0,,0,0,30,No,,0,0,30,No,,,,,,,,,,,,,,,,,,,,,,,,,,,,,,,,,,,,,,,,,0.00,,0.00,,30.00,#NAME?,,#NAME?,2.6,,,#NAME?,SAFE,37.8%,Early,,#NAME?,#NAME?,#NAME?,#NAME?,No,,1.0,1.0,2.0,1.0,#NAME?,100%,2,46%,24,0%,Yes,28%,Yes,Yes,No,,Recurring,40%,B2C,41%,Low,47%,High,59%,,5.0,#NAME?,#NAME?,#NAME?,#NAME?,#NAME?,Pre-Profit,51%,,#NAME?,#NAME?,#NAME?,#NAME?,No,77%,Low,56%,High,80%,,,#NAME?,#NAME?
,Francis,1793576,Shockwave Motors,01/10/2020 12:02 PM,NetCapital,https://netcapital.com/companies/shockwave-motors,https://disclosurequest.com/form/shockwave-motors-inc./0001669191-20-000006/?returnURL=,1/9/2020,"Shockwave Motors, Inc.",Shockwave Motors,,Automotive,CleanTech,Early,Pre-Seed,RegCF,,Equity - Common,,,"$3,745,000",,,,3745000,#NAME?,Transactional,B2C,Life Style,No,Low,High,No,,1.2E+11,#NAME?,5000000000,#NAME?,0.2,#NAME?,10-20,High,Low,Similar to others,High,Low,No,No,No,No,$0,#NAME?,438,0,#NAME?,1,#NAME?,Pre-Revenue,,No,0,3,No,Yes,No,No,3,1,1,0,,30,0,55,No,,20,0,55,No,,10,0,50,No,,,,,,,,,,,,,,,,,,,,,,,,,,,,,,,,,,,,20.00,,0.00,,53.33,#NAME?,,#NAME?,,,,#NAME?,Equity - Common,32.2%,Early,,#NAME?,#NAME?,#NAME?,#NAME?,No,,2.9,1.0,3.9,2.5,#NAME?,100%,3,4%,1,8%,No,72%,Yes,No,No,,Transactional,60%,B2C,41%,Low,47%,High,59%,,1.0,#NAME?,#NAME?,#NAME?,#NAME?,#NAME?,Pre-Revenue,20%,,3.0,#NAME?,#NAME?,#NAME?,No,77%,High,43%,Low,19%,,,#NAME?,#NAME?
,Francis,1478263,ElliptiGO,01/10/2020 12:11 PM,StartEngine,https://www.startengine.com/elliptigo-2,https://www.sec.gov/Archives/edgar/data/1478263/000166516020000028/xslC_X01/primary_doc.xml,1/9/2020,"PT Motion Works, Inc.",ElliptiGO,,"Healthcare, Fitness, Wellness, & Pharmaceuticals",HealthTech,Growth,Series D,RegCF,,Equity - Preferred,,,"$34,108,515",,,,34108515,#NAME?,Transactional,B2B/B2C,Life Style,No,Low,High,No,,10000000000,#NAME?,1000000000,#NAME?,0.06,#NAME?,40-50,High,Low,Obviously better than others,Low,High,No,Yes,Yes,Yes,"$4,642,737",#NAME?,59817,9000000,#NAME?,0.006646333,#NAME?,Pre-Profit,,No,0,2,No,No,No,No,3,11,0,0,,5,0,50,Yes,,15,0,50,No,,,,,,,,,,,,,,,,,,,,,,,,,,,,,,,,,,,,,,,,,10.00,,0.00,,50.00,#NAME?,,#NAME?,,,,#NAME?,Equity - Preferred,6.7%,Growth,,#NAME?,#NAME?,#NAME?,#NAME?,No,,2.0,1.0,3.0,1.7,#NAME?,100%,2,46%,11,3%,No,72%,No,No,No,,Transactional,60%,B2B/B2C,28%,Low,47%,High,59%,,5.0,#NAME?,#NAME?,#NAME?,#NAME?,#NAME?,Pre-Profit,51%,,3.0,#NAME?,#NAME?,#NAME?,Yes,23%,Low,56%,High,80%,,,#NAME?,#NAME?
,Francis,1796619,KulaCrate,02/14/2020 11:59 AM,NetCapital,https://netcapital.com/companies/kula-crate,https://disclosurequest.com/form/we-are-kula-llc/0001669191-20-000053/?returnURL=,2/14/2020,"We Are Kula, LLC",KulaCrate,,"Education, Training, & Coaching",Non-Tech,Early,Pre-Seed,RegCF,,Equity - Common,,,"$2,800,000",,,,2800000,#NAME?,Recurring,B2C,Life Style,No,Low,Low,No,,2000000000,#NAME?,1000000000,#NAME?,0.05,#NAME?,< 5,High,Low,Obviously better than others,Low,High,No,No,Yes,Yes,$110,#NAME?,9090,0,#NAME?,1,#NAME?,Pre-Profit,,Yes,1,3,No,No,No,No,2,2,0,0,,0,0,50,No,,0,0,50,No,,0,0,50,No,,,,,,,,,,,,,,,,,,,,,,,,,,,,,,,,,,,,0.00,,0.00,,50.00,#NAME?,,#NAME?,,,,#NAME?,Equity - Common,32.2%,Early,,#NAME?,#NAME?,#NAME?,#NAME?,No,,1.0,1.0,2.0,1.0,#NAME?,100%,3,4%,2,16%,No,72%,No,No,No,,Recurring,40%,B2C,41%,Low,47%,Low,41%,,5.0,#NAME?,#NAME?,#NAME?,#NAME?,#NAME?,Pre-Profit,51%,,3.0,#NAME?,#NAME?,#NAME?,No,77%,Low,56%,High,80%,,,#NAME?,#NAME?
,Francis,1554477,Thuzio,02/14/2020 12:11 PM,Republic,https://republic.co/thuzio,https://www.sec.gov/Archives/edgar/data/1554477/000155447720000002/xslC_X01/primary_doc.xml,2/12/2020,"Thuzio, Inc.",Thuzio,,"Media, Entertainment, Sports, & Publishing",Non-Tech,Early,Seed,RegCF,,SAFE,,,,"$7,500,000",10%,"$6,750,000",6750000,#NAME?,Recurring,B2C,Life Style,No,Low,High,No,,70000000000,#NAME?,15000000000,#NAME?,0.04,#NAME?,10-20,Low,Low,Similar to others,High,High,No,No,Yes,Yes,"$2,667,891",#NAME?,86749,3200000,#NAME?,0.027109063,#NAME?,Pre-Profit,,Yes,1,2,No,No,Yes,Yes,3,10,0,0,,10,0,40,No,,10,0,44,Yes,,10,0,40,No,,,,,,,,,,,,,,,,,,,,,,,,,,,,,,,,,,,,10.00,,0.00,,41.33,#NAME?,,#NAME?,2.1,,,#NAME?,SAFE,37.8%,Early,,#NAME?,#NAME?,#NAME?,#NAME?,No,,2.0,1.0,3.0,1.7,#NAME?,100%,2,46%,10,2%,No,72%,No,Yes,Yes,,Recurring,40%,B2C,41%,Low,47%,High,59%,,5.0,#NAME?,#NAME?,#NAME?,#NAME?,#NAME?,Pre-Profit,51%,,#NAME?,#NAME?,#NAME?,#NAME?,No,77%,High,43%,High,80%,,,#NAME?,#NAME?
,Francis,1677789,"Baqua, Inc.",02/14/2020 12:17 PM,StartEngine,https://www.startengine.com/baqua,https://www.sec.gov/Archives/edgar/data/1677789/000166516020000134/xslC_X01/primary_doc.xml,2/18/2020,"Baqua, Incorporated",Baqua,,"Food, Beverage, & Restaurants",Non-Tech,Early,Seed,RegCF,,Equity - Common,,,"$5,400,000",,,,5400000,#NAME?,Transactional,B2B/B2C,Life Style,No,Low,Low,No,,2.08E+11,#NAME?,5000000,#NAME?,0.08,#NAME?,40-50,Low,Low,Similar to others,Low,High,No,No,Yes,Yes,"$6,211",#NAME?,21223,0,#NAME?,1,#NAME?,Pre-Profit,,Yes,0,1,No,Yes,No,No,1,1,0,0,,5,0,60,No,,,,,,,,,,,,,,,,,,,,,,,,,,,,,,,,,,,,,,,,,,,,,,5.00,,0.00,,60.00,#NAME?,,#NAME?,,,,#NAME?,Equity - Common,32.2%,Early,,#NAME?,#NAME?,#NAME?,#NAME?,No,,1.5,1.0,2.5,1.4,#NAME?,100%,1,46%,1,8%,No,72%,Yes,No,No,,Transactional,60%,B2B/B2C,28%,Low,47%,Low,41%,,5.0,#NAME?,#NAME?,#NAME?,#NAME?,#NAME?,Pre-Profit,51%,,#NAME?,#NAME?,#NAME?,#NAME?,No,77%,Low,56%,High,80%,,,#NAME?,#NAME?
,Francis,1788193,COLORS: Oakland,02/14/2020 12:23 PM,WeFunder,https://wefunder.com/colors,https://www.sec.gov/Archives/edgar/data/1788193/000167025420000074/xslC_X01/primary_doc.xml,1/29/2020,COLORS Oakland LLC,COLORS: Oakland,,"Food, Beverage, & Restaurants",Non-Tech,Early,Pre-Seed,RegCF,,Equity - Preferred,,,"$2,000,000",,,,2000000,#NAME?,Transactional,B2C,Life Style,No,Low,High,No,,1E+11,#NAME?,20000000,#NAME?,0.03,#NAME?,40-50,Low,Low,Similar to others,Low,High,Yes,No,No,No,$0,#NAME?,0,0,#NAME?,1,#NAME?,Pre-Product,,Yes,0,1,No,Yes,Yes,No,3,1,0,0,,15,0,47,Yes,,,,,,,,,,,,,,,,,,,,,,,,,,,,,,,,,,,,,,,,,,,,,,15.00,,0.00,,47.00,#NAME?,,#NAME?,,,,#NAME?,Equity - Preferred,6.7%,Early,,#NAME?,#NAME?,#NAME?,#NAME?,Yes,,2.4,1.0,3.4,2.1,#NAME?,100%,1,46%,1,8%,No,72%,Yes,Yes,No,,Transactional,60%,B2C,41%,Low,47%,High,59%,,1.0,#NAME?,#NAME?,#NAME?,#NAME?,#NAME?,Pre-Product,22%,,#NAME?,#NAME?,#NAME?,#NAME?,No,77%,Low,56%,High,80%,,,#NAME?,#NAME?
,Francis,1713366,Incluzion,02/18/2020 11:39 AM,WeFunder,https://wefunder.com/incluzion,https://www.sec.gov/Archives/edgar/data/1713366/000167025419000673/xslC_X01/primary_doc.xml,11/22/2019,Spendwith Corp dba Incluzion,Incluzion,,"Business Services, Software, & Applications",MarketplaceTech,Early,Seed,RegCF,,SAFE,,,,"$2,500,000",20%,"$2,000,000",2000000,#NAME?,Transactional,B2B/B2C,High Growth,Yes,Low,Low,Yes,,1.5E+11,#NAME?,15000000000,#NAME?,0.1,#NAME?,5-10,Low,Low,Similar to others,High,High,Yes,No,Yes,Yes,"$1,020",#NAME?,1492,44421,#NAME?,0.033587718,#NAME?,Pre-Profit,,No,0,1,No,No,Yes,No,4,1,3,0,,10,0,39,No,,,,,,,,,,,,,,,,,,,,,,,,,,,,,,,,,,,,,,,,,,,,,,10.00,,0.00,,39.00,#NAME?,,#NAME?,3.1,,,#NAME?,SAFE,37.8%,Early,,#NAME?,#NAME?,#NAME?,#NAME?,Yes,,2.0,1.0,3.0,1.7,#NAME?,100%,1,46%,1,8%,No,72%,No,Yes,No,,Transactional,60%,B2B/B2C,28%,Low,47%,Low,41%,,5.0,#NAME?,#NAME?,#NAME?,#NAME?,#NAME?,Pre-Profit,51%,,#NAME?,#NAME?,#NAME?,#NAME?,No,77%,High,43%,High,80%,,,#NAME?,#NAME?
,Francis,1722138,Politiscope,,SeedInvest,https://www.seedinvest.com/politiscope/seed/highlights,https://www.sec.gov/Archives/edgar/data/1722138/000172213820000001/xslC_X01/primary_doc.xml,3/6/2020,"Politiscope, Inc.",Politiscope,,Civic and Social Organization,MediaTech,Early,Seed,RegCF,RegD 506(C),Convertible Note,,,,"$8,000,000",20%,"$6,400,000",6400000,#NAME?,Recurring,B2B/B2C,High Growth,Yes,High,Low,No,,10000000000,#NAME?,200000000,#NAME?,0.1,#NAME?,5-10,High,High,Obviously better than others,High,Low,Yes,No,Yes,Yes,$647,#NAME?,67939,975000,#NAME?,0.069681026,#NAME?,Pre-Profit,,Yes,1,3,No,No,Yes,Yes,5,4,7,0,,5,0,32,No,,0,0,28,No,,0,0,30,No,,,,,,,,,,,,,,,,,,,,,,,,,,,,,,,,,,,,1.67,,0.00,,30.00,#NAME?,,#NAME?,3.1,,,#NAME?,Convertible Note,13.3%,Early,,#NAME?,#NAME?,#NAME?,#NAME?,Yes,,1.2,1.0,2.2,1.1,#NAME?,100%,3,4%,4,12%,No,72%,No,Yes,Yes,,Recurring,40%,B2B/B2C,28%,High,53%,Low,41%,,5.0,#NAME?,#NAME?,#NAME?,#NAME?,#NAME?,Pre-Profit,51%,,#NAME?,#NAME?,#NAME?,#NAME?,No,77%,High,43%,Low,19%,,,#NAME?,#NAME?
,Francis,1804340,"Tuffy Packs, Inc.",,StartEngine,https://www.startengine.com/tuffypacks,https://www.sec.gov/Archives/edgar/data/1804340/000166516020000233/xslC_X01/primary_doc.xml,3/13/2020,"Tuffy Packs, Inc.",Tuffy Packs,,Consumer Goods & Services,Non-Tech,Early,Pre-Seed,RegCF,,Equity - Common,,,"$4,500,000",,,,4500000,#NAME?,Transactional,B2B/B2C,Life Style,No,High,Low,No,,5000000000,#NAME?,250000000,#NAME?,0.05,#NAME?,10-20,Low,Low,Similar to others,High,High,No,No,Yes,Yes,"$255,128",#NAME?,1168,0,#NAME?,1,#NAME?,Pre-Profit,,No,0,2,No,No,No,No,2,2,0,0,,5,0,55,No,,10,0,40,No,,,,,,,,,,,,,,,,,,,,,,,,,,,,,,,,,,,,,,,,,7.50,,0.00,,47.50,#NAME?,,#NAME?,,,,#NAME?,Equity - Common,32.2%,Early,,#NAME?,#NAME?,#NAME?,#NAME?,No,,1.7,1.0,2.7,1.6,#NAME?,100%,2,46%,2,16%,No,72%,No,No,No,,Transactional,60%,B2B/B2C,28%,High,53%,Low,41%,,5.0,#NAME?,#NAME?,#NAME?,#NAME?,#NAME?,Pre-Profit,51%,,#NAME?,#NAME?,#NAME?,#NAME?,No,77%,High,43%,High,80%,,,#NAME?,#NAME?
,Francis,1754733,Slash Haircare,,Fundopolis,https://fundopolis.com/raisedetails?id=4977250b-c81b-4947-a175-c0b0b037f097,https://www.sec.gov/Archives/edgar/data/1754733/000178043920000009/xslC_X01/primary_doc.xml,3/10/2020,Slash Beauty Inc.,Slash Haircare,,Consumer Goods & Services,Non-Tech,Early,Seed,RegCF,,Equity - Common,,,"$4,000,000",,,,4000000,#NAME?,Transactional,B2B/B2C,Life Style,No,Low,Low,No,,80000000000,#NAME?,1000000000,#NAME?,0.03,#NAME?,10-20,High,Low,Similar to others,Low,High,No,No,Yes,Yes,"$8,008",#NAME?,8418,0,#NAME?,1,#NAME?,Pre-Profit,,No,0,3,Yes,Yes,Yes,No,4,3,0,0,,20,0,40,Yes,,10,0,30,No,,10,0,40,Yes,,,,,,,,,,,,,,,,,,,,,,,,,,,,,,,,,,,,13.33,,0.00,,36.67,#NAME?,,#NAME?,,,,#NAME?,Equity - Common,32.2%,Early,,#NAME?,#NAME?,#NAME?,#NAME?,No,,2.3,1.0,3.3,2.0,#NAME?,100%,3,4%,3,9%,Yes,28%,Yes,Yes,No,,Transactional,60%,B2B/B2C,28%,Low,47%,Low,41%,,5.0,#NAME?,#NAME?,#NAME?,#NAME?,#NAME?,Pre-Profit,51%,,3.0,#NAME?,#NAME?,#NAME?,No,77%,Low,56%,High,80%,,,#NAME?,#NAME?
,Francis,1803581,FLUUX,,SeedInvest,https://www.seedinvest.com/fluux/pre.seed/highlights,https://www.sec.gov/Archives/edgar/data/1803581/000180358120000002/xslC_X01/primary_doc.xml,3/27/2020,"Fluux, Inc.",Fluux,,Computer Hardware,HardwareTech,Early,Pre-Seed,RegCF,RegD 506(C),Convertible Note,,,,"$2,000,000",20%,"$1,600,000",1600000,#NAME?,Transactional,B2C,High Growth,Yes,High,High,Yes,,10000000000,#NAME?,2000000000,#NAME?,0.2,#NAME?,5-10,High,Low,Obviously better than others,High,High,No,No,Yes,Yes,"$11,163",#NAME?,11741,173798,#NAME?,0.067555438,#NAME?,Pre-Profit,,No,0,3,No,No,Yes,No,6,2,1,1,,5,0,31,No,,5,0,35,No,,10,1,39,Yes,,,,,,,,,,,,,,,,,,,,,,,,,,,,,,,,,,,,6.67,,1.00,,35.00,#NAME?,,#NAME?,3.1,,,#NAME?,Convertible Note,13.3%,Early,,#NAME?,#NAME?,#NAME?,#NAME?,No,,1.6,2.0,3.6,2.3,#NAME?,100%,3,4%,2,16%,No,72%,No,Yes,No,,Transactional,60%,B2C,41%,High,53%,High,59%,,5.0,#NAME?,#NAME?,#NAME?,#NAME?,#NAME?,Pre-Profit,51%,,3.0,#NAME?,#NAME?,#NAME?,No,77%,High,43%,High,80%,,,#NAME?,#NAME?
,Francis,1805525,"KapitalWise, Inc.",,MicroVentures,https://app.microventures.com/crowdfunding/kapitalwise,https://www.sec.gov/Archives/edgar/data/1805525/000180552520000002/xslC_X01/primary_doc.xml,3/18/2020,"KapitalWise, Inc.",KapitalWise,,Financial & Insurance Products & Services,FinTech,Early,Seed,RegCF,,Convertible Note,,,,"$8,000,000",20%,"$6,400,000",6400000,#NAME?,Recurring,B2B,High Growth,Yes,High,Low,Yes,,1.2E+11,#NAME?,10000000000,#NAME?,0.22,#NAME?,10-20,Low,Low,Similar to others,High,High,No,No,Yes,Yes,"$79,000",#NAME?,16427,250000,#NAME?,0.065708,#NAME?,Pre-Profit,,No,0,1,No,No,Yes,No,1,7,0,0,,15,0,35,No,,,,,,,,,,,,,,,,,,,,,,,,,,,,,,,,,,,,,,,,,,,,,,15.00,,0.00,,35.00,#NAME?,,#NAME?,3.1,,,#NAME?,Convertible Note,13.3%,Early,,#NAME?,#NAME?,#NAME?,#NAME?,No,,2.4,1.0,3.4,2.1,#NAME?,100%,1,46%,7,4%,No,72%,No,Yes,No,,Recurring,40%,B2B,24%,High,53%,Low,41%,,5.0,#NAME?,#NAME?,#NAME?,#NAME?,#NAME?,Pre-Profit,51%,,#NAME?,#NAME?,#NAME?,#NAME?,No,77%,High,43%,High,80%,,,#NAME?,#NAME?
,Francis,1805743,Goodwolf Feeding Company,,MicroVentures,https://app.microventures.com/crowdfunding/goodwolf,https://www.sec.gov/Archives/edgar/data/1805743/000180574320000002/xslC_X01/primary_doc.xml,3/20/2020,Goodwolf Feeding Company,Goodwolf,,Consumer Goods & Services,Non-Tech,Early,Seed,RegCF,,Convertible Note,,,,"$1,000,000",20%,"$800,000",800000,#NAME?,Transactional,B2B2C,Life Style,No,Low,Low,No,,2E+11,#NAME?,200000000,#NAME?,0.06,#NAME?,> 50,Low,Low,Similar to others,Low,High,No,No,Yes,Yes,"$156,079",#NAME?,1907,0,#NAME?,1,#NAME?,Pre-Profit,,No,0,1,No,No,No,No,1,0,0,0,,10,0,45,No,,,,,,,,,,,,,,,,,,,,,,,,,,,,,,,,,,,,,,,,,,,,,,10.00,,0.00,,45.00,#NAME?,,#NAME?,3.1,,,#NAME?,Convertible Note,13.3%,Early,,#NAME?,#NAME?,#NAME?,#NAME?,No,,2.0,1.0,3.0,1.7,#NAME?,100%,1,46%,0,0%,No,72%,No,No,No,,Transactional,60%,B2B2C,7%,Low,47%,Low,41%,,5.0,#NAME?,#NAME?,#NAME?,#NAME?,#NAME?,Pre-Profit,51%,,#NAME?,#NAME?,#NAME?,#NAME?,No,77%,Low,56%,High,80%,,,#NAME?,#NAME?
,Francis,1800214,Calyx Cultivation Tech,02/20/2020 2:16 PM,WeFunder,https://wefunder.com/calyx.cultivation,https://www.sec.gov/Archives/edgar/data/1800214/000167025420000174/xslC_X01/primary_doc.xml,2/18/2020,Calyx Cultivation Tech. Corp.,Calyx Cultivation Tech,,Farming,AgriTech,Early,Seed,RegCF,,SAFE,,,,"$5,900,000",10%,"$5,310,000",5310000,#NAME?,Transactional,B2B/B2C,High Growth,No,High,High,No,,10000000000,#NAME?,1000000000,#NAME?,0.09,#NAME?,5-10,Low,Low,Similar to others,High,High,No,Yes,Yes,Yes,"$27,916",#NAME?,31896,1150000,#NAME?,0.027735652,#NAME?,Pre-Profit,,No,0,1,No,No,No,No,1,3,0,0,,10,0,55,No,,,,,,,,,,,,,,,,,,,,,,,,,,,,,,,,,,,,,,,,,,,,,,10.00,,0.00,,55.00,#NAME?,,#NAME?,2.1,,,#NAME?,SAFE,37.8%,Early,,#NAME?,#NAME?,#NAME?,#NAME?,No,,2.0,1.0,3.0,1.7,#NAME?,100%,1,46%,3,9%,No,72%,No,No,No,,Transactional,60%,B2B/B2C,28%,High,53%,High,59%,,5.0,#NAME?,#NAME?,#NAME?,#NAME?,#NAME?,Pre-Profit,51%,,#NAME?,#NAME?,#NAME?,#NAME?,Yes,23%,High,43%,High,80%,,,#NAME?,#NAME?
,Francis,1791400,Pippy Sips,02/20/2020 2:23 PM,WeFunder,https://wefunder.com/pippysips,https://www.sec.gov/Archives/edgar/data/1791400/000167025419000627/xslC_X01/primary_doc.xml,10/28/2019,Pippy Sips LLC,Pippy Sips,,Consumer Goods & Services,Non-Tech,Early,Pre-Seed,RegCF,,Convertible Note,,,,"$2,500,000",0%,"$2,500,000",2500000,#NAME?,Transactional,B2C,Life Style,No,Low,Low,No,,1410000000,#NAME?,10000000,#NAME?,0.08,#NAME?,5-10,High,Low,Obviously better than others,Low,High,Yes,No,No,No,$0,#NAME?,1237,20000,#NAME?,0.06185,#NAME?,Pre-Profit,,No,0,2,Yes,Yes,No,No,2,2,0,0,,5,0,37,No,,5,0,37,No,,,,,,,,,,,,,,,,,,,,,,,,,,,,,,,,,,,,,,,,,5.00,,0.00,,37.00,#NAME?,,#NAME?,1.0,,,#NAME?,Convertible Note,13.3%,Early,,#NAME?,#NAME?,#NAME?,#NAME?,Yes,,1.5,1.0,2.5,1.4,#NAME?,100%,2,46%,2,16%,Yes,28%,Yes,No,No,,Transactional,60%,B2C,41%,Low,47%,Low,41%,,1.0,#NAME?,#NAME?,#NAME?,#NAME?,#NAME?,Pre-Profit,51%,,3.0,#NAME?,#NAME?,#NAME?,No,77%,Low,56%,High,80%,,,#NAME?,#NAME?
,Francis,1803418,Mindcurrent,02/20/2020 2:26 PM,WeFunder,https://wefunder.com/mindcurrent,https://www.sec.gov/Archives/edgar/data/1803418/000167025420000110/xslC_X01/primary_doc.xml,2/12/2020,Mindcurrent Inc.,Mindcurrent,,Computer Software,EnterpriseTech,Early,Pre-Seed,RegCF,,SAFE,,,,"$4,000,000",30%,"$2,800,000",2800000,#NAME?,Recurring,B2B,High Growth,Yes,High,Low,No,,90700000000,#NAME?,100000000,#NAME?,0.07,#NAME?,5-10,High,Low,Similar to others,High,High,No,No,No,No,$0,#NAME?,45450,465000,#NAME?,0.097741935,#NAME?,Pre-Profit,,No,0,2,No,No,No,No,3,3,0,0,,10,0,36,No,,10,0,38,No,,,,,,,,,,,,,,,,,,,,,,,,,,,,,,,,,,,,,,,,,10.00,,0.00,,37.00,#NAME?,,#NAME?,4.2,,,#NAME?,SAFE,37.8%,Early,,#NAME?,#NAME?,#NAME?,#NAME?,No,,2.0,1.0,3.0,1.7,#NAME?,100%,2,46%,3,9%,No,72%,No,No,No,,Recurring,40%,B2B,24%,High,53%,Low,41%,,1.0,#NAME?,#NAME?,#NAME?,#NAME?,#NAME?,Pre-Profit,51%,,3.0,#NAME?,#NAME?,#NAME?,No,77%,High,43%,High,80%,,,#NAME?,#NAME?
,Francis,1802405,Curastory,02/20/2020 2:30 PM,WeFunder,https://wefunder.com/fundcurastory,https://www.sec.gov/Archives/edgar/data/1802405/000167025420000088/xslC_X01/primary_doc.xml,2/4/2020,Curastory Inc.,Curastory,,"Media, Entertainment, Sports, & Publishing",AdTech,Early,Pre-Seed,RegCF,,SAFE,,,,"$6,000,000",10%,"$5,400,000",5400000,#NAME?,Transactional,B2B,High Growth,Yes,Low,Low,Yes,,3.33E+11,#NAME?,1100000000,#NAME?,0.19,#NAME?,< 5,High,High,Obviously better than others,Low,Low,No,No,No,No,$0,#NAME?,1047,0,#NAME?,1,#NAME?,Pre-Product,,No,0,1,No,Yes,Yes,No,1,1,0,0,,5,0,27,No,,,,,,,,,,,,,,,,,,,,,,,,,,,,,,,,,,,,,,,,,,,,,,5.00,,0.00,,27.00,#NAME?,,#NAME?,2.1,,,#NAME?,SAFE,37.8%,Early,,#NAME?,#NAME?,#NAME?,#NAME?,No,,1.5,1.0,2.5,1.4,#NAME?,100%,1,46%,1,8%,No,72%,Yes,Yes,No,,Transactional,60%,B2B,24%,Low,47%,Low,41%,,1.0,#NAME?,#NAME?,#NAME?,#NAME?,#NAME?,Pre-Product,22%,,#NAME?,#NAME?,#NAME?,#NAME?,No,77%,Low,56%,Low,19%,,,#NAME?,#NAME?
,Francis,1798352,ASK Education,02/21/2020 10:31 AM,NetCapital,https://netcapital.com/companies/ask,https://www.sec.gov/Archives/edgar/data/1798352/000166919120000120/xslC_X01/primary_doc.xml,3/16/2020,Acquire Skills and Knowledge Education Inc.,ASK Education,,"Education, Training, & Coaching",EdTech,Early,Pre-Seed,RegCF,,Equity - Common,,,"$2,587,500",,,,2587500,#NAME?,Recurring,B2B/B2C,High Growth,Yes,High,Low,No,,6E+12,#NAME?,1E+11,#NAME?,0.17,#NAME?,10-20,Low,Low,Obviously worse than others,Low,High,No,No,No,No,$0,#NAME?,838,0,#NAME?,1,#NAME?,Pre-Product,,No,0,3,No,Yes,No,No,4,3,0,0,,10,0,60,No,,15,0,60,No,,10,0,50,No,,,,,,,,,,,,,,,,,,,,,,,,,,,,,,,,,,,,11.67,,0.00,,56.67,#NAME?,,#NAME?,,,,#NAME?,Equity - Common,32.2%,Early,,#NAME?,#NAME?,#NAME?,#NAME?,No,,2.1,1.0,3.1,1.9,#NAME?,100%,3,4%,3,9%,No,72%,Yes,No,No,,Recurring,40%,B2B/B2C,28%,High,53%,Low,41%,,1.0,#NAME?,#NAME?,#NAME?,#NAME?,#NAME?,Pre-Product,22%,,#NAME?,#NAME?,#NAME?,#NAME?,No,77%,Low,56%,High,80%,,,#NAME?,#NAME?
,Francis,1792121,Event Hollow,02/21/2020 10:35 AM,Republic,https://republic.co/event-hollow,https://www.sec.gov/Archives/edgar/data/1792121/000179212120000002/xslC_X01/primary_doc.xml,2/20/2020,"Event Hollow, Inc.",Event Hollow,,Events Services,MarketplaceTech,Early,Seed,RegCF,,SAFE,,,,"$6,000,000",0%,"$6,000,000",6000000,#NAME?,Transactional,B2B/B2C,High Growth,Yes,Low,Low,No,,2E+12,#NAME?,72000000000,#NAME?,0.09,#NAME?,20-30,Low,Low,Obviously better than others,Low,High,No,No,Yes,No,$0,#NAME?,15266,440000,#NAME?,0.034695455,#NAME?,Pre-Profit,,No,0,2,No,Yes,No,No,4,5,6,1,,10,0,32,No,,5,1,,,,,,,,,,,,,,,,,,,,,,,,,,,,,,,,,,,,,,,,,,,7.50,,1.00,,32.00,#NAME?,,#NAME?,1.0,,,#NAME?,SAFE,37.8%,Early,,#NAME?,#NAME?,#NAME?,#NAME?,No,,1.7,2.0,3.7,2.3,#NAME?,100%,2,46%,5,13%,No,72%,Yes,No,No,,Transactional,60%,B2B/B2C,28%,Low,47%,Low,41%,,3.0,#NAME?,#NAME?,#NAME?,#NAME?,#NAME?,Pre-Profit,51%,,#NAME?,#NAME?,#NAME?,#NAME?,No,77%,Low,56%,High,80%,,,#NAME?,#NAME?
,Dan,1733206,Eclipse Diagnostics,04/11/2019 7:29 PM,StartEngine,https://www.startengine.com/eclipsedx,https://www.sec.gov/Archives/edgar/data/1733206/000166516020000016/xslC_X01/primary_doc.xml,1/7/2020,"Eclipse Diagnostics, Inc.",Eclipse Diagnostics,,Farming,AgriTech,Early,Seed,RegCF,,Equity - Common,,,"$11,189,805",,,,11189805,#NAME?,Recurring,B2B/B2C,High Growth,Yes,High,Low,No,,2E+11,#NAME?,1134000000,#NAME?,0.13,#NAME?,5-10,Low,Low,Similar to others,,,No,Yes,No,No,$0,#NAME?,12219,171000,#NAME?,0.07145614,#NAME?,Pre-Revenue,,No,0,2,Yes,No,No,No,3,5,1,0,,5,0,32,Yes,,25,1,58,No,,,,,,,,,,,,,,,,,,,,,,,,,,,,,,,,,,,,,,,,,15.00,,1.00,,45.00,#NAME?,,#NAME?,,,,#NAME?,Equity - Common,32.2%,Early,,#NAME?,#NAME?,#NAME?,#NAME?,No,,2.4,2.0,4.4,2.9,#NAME?,100%,2,46%,5,13%,Yes,28%,No,No,No,,Recurring,40%,B2B/B2C,28%,High,53%,Low,41%,,1.0,#NAME?,#NAME?,#NAME?,#NAME?,#NAME?,Pre-Revenue,20%,,#NAME?,#NAME?,#NAME?,#NAME?,Yes,23%,0%,1%,0%,1%,,,#NAME?,#NAME?
,Dan,1772451,Plugsby,04/22/2019 2:11 PM,Razitall,https://www.razitall.com/pitch/the-plugsby-house-a-creative-co-living-community,https://www.sec.gov/Archives/edgar/data/1772451/000166828719000012/xslC_X01/primary_doc.xml,4/22/2019,"Plugsby, LLC",Plugsby,,Real Estate & Construction,Non-Tech,Early,Pre-Seed,RegCF,,CAFES,,,,"$977,500",0%,"$977,500",977500,#NAME?,Recurring,B2C,Life Style,Yes,High,Low,No,,2.735E+11,#NAME?,30000000000,#NAME?,0.09,#NAME?,10-20,Low,Low,Similar to others,,,Yes,No,No,No,$0,#NAME?,0,0,#NAME?,1,#NAME?,Pre-Product,,No,0,1,Yes,No,Yes,No,0,3,0,0,,1,0,42,No,,,,,,,,,,,,,,,,,,,,,,,,,,,,,,,,,,,,,,,,,,,,,,1.00,,0.00,,42.00,#NAME?,,#NAME?,1.0,,,#NAME?,CAFES,10.0%,Early,,#NAME?,#NAME?,#NAME?,#NAME?,Yes,,1.1,1.0,2.1,1.1,#NAME?,100%,1,46%,3,9%,Yes,28%,No,Yes,No,,Recurring,40%,B2C,41%,High,53%,Low,41%,,1.0,#NAME?,#NAME?,#NAME?,#NAME?,#NAME?,Pre-Product,22%,,#NAME?,#NAME?,#NAME?,#NAME?,No,77%,0%,1%,0%,1%,,,#NAME?,#NAME?
,Dan,1767762,Bounty0x,05/01/2019 9:33 AM,Republic,https://republic.co/bounty0x,https://www.sec.gov/Archives/edgar/data/1767762/000176776219000001/xslC_X01/primary_doc.xml,12/23/2019,"Bounty0x, Inc.",Bounty0x,,Marketing & Advertising,AdTech,Early,Seed,RegCF,,SAFE,,,,"$5,000,000",20%,"$4,000,000",4000000,#NAME?,Recurring,B2C,High Growth,Yes,High,Low,Yes,,6500000000,#NAME?,6500000000,#NAME?,0.32,#NAME?,> 50,Low,Low,Similar to others,,,No,No,Yes,Yes,$0,#NAME?,1057,1200000,#NAME?,0.000880833,#NAME?,Pre-Profit,,Yes,1,2,Yes,No,Yes,No,3,24,3,0,,2,0,34,Yes,,4,0,30,Yes,,,,,,,,,,,,,,,,,,,,,,,,,,,,,,,,,,,,,,,,,3.00,,0.00,,32.00,#NAME?,,#NAME?,3.1,,,#NAME?,SAFE,37.8%,Early,,#NAME?,#NAME?,#NAME?,#NAME?,No,,1.3,1.0,2.3,1.2,#NAME?,100%,2,46%,24,0%,Yes,28%,No,Yes,No,,Recurring,40%,B2C,41%,High,53%,Low,41%,,5.0,#NAME?,#NAME?,#NAME?,#NAME?,#NAME?,Pre-Profit,51%,,#NAME?,#NAME?,#NAME?,#NAME?,No,77%,0%,1%,0%,1%,,,#NAME?,#NAME?
,Dan,1773714,Core State Holdings,05/01/2019 10:28 AM,Fundanna,https://fundanna.com/equity/offer-summary/CannaSOS,https://www.sec.gov/Archives/edgar/data/1773714/000177371420000001/xslC_X01/primary_doc.xml,2/21/2020,Core State Holdings Corp.,CannaSOS and PTP Wallet,,"Alcohol, Tobacco, & Recreational Drugs",CommerceTech,Growth,Series B,RegCF,,Equity - Preferred,,,"$4,054,000",,,,4054000,#NAME?,Recurring,B2B/B2C,High Growth,Yes,High,Low,No,,2E+11,#NAME?,2E+11,#NAME?,0.13,#NAME?,10-20,Low,Low,Similar to others,,,No,No,Yes,Yes,$0,#NAME?,83,3005000,#NAME?,2.76206E-05,#NAME?,Pre-Revenue,,Yes,1,2,Yes,No,Yes,No,1,29,0,0,,10,0,42,No,,3,0,,No,,,,,,,,,,,,,,,,,,,,,,,,,,,,,,,,,,,,,,,,,6.50,,0.00,,42.00,#NAME?,,#NAME?,,,,#NAME?,Equity - Preferred,6.7%,Growth,,#NAME?,#NAME?,#NAME?,#NAME?,No,,1.6,1.0,2.6,1.5,#NAME?,100%,2,46%,29,1%,Yes,28%,No,Yes,No,,Recurring,40%,B2B/B2C,28%,High,53%,Low,41%,,5.0,#NAME?,#NAME?,#NAME?,#NAME?,#NAME?,Pre-Revenue,20%,,#NAME?,#NAME?,#NAME?,#NAME?,No,77%,0%,1%,0%,1%,,,#NAME?,#NAME?
,Dan,1775091,420 Real Estate,05/15/2019 11:01 AM,Fundanna,https://fundanna.com/equity/offer-summary/420RealEstate,https://www.sec.gov/Archives/edgar/data/1775091/000177509120000001/xslC_X01/primary_doc.xml,1/13/2020,"420 Real Estate, LLC",420 Real Estate,,Real Estate & Construction,Non-Tech,Early,Pre-Seed,RegCF,,Convertible Note,,,,"$2,500,000",10%,"$2,250,000",2250000,#NAME?,Recurring,B2B,Life Style,Yes,High,High,No,,2E+11,#NAME?,4710000000,#NAME?,0.16,#NAME?,5-10,Low,Low,Similar to others,,,No,No,No,No,$0,#NAME?,50,0,#NAME?,1,#NAME?,Pre-Revenue,,No,0,1,No,No,Yes,No,2,1,0,0,,0,0,55,No,,,,,,,,,,,,,,,,,,,,,,,,,,,,,,,,,,,,,,,,,,,,,,0.00,,0.00,,55.00,#NAME?,,#NAME?,2.1,,,#NAME?,Convertible Note,13.3%,Early,,#NAME?,#NAME?,#NAME?,#NAME?,No,,1.0,1.0,2.0,1.0,#NAME?,100%,1,46%,1,8%,No,72%,No,Yes,No,,Recurring,40%,B2B,24%,High,53%,High,59%,,1.0,#NAME?,#NAME?,#NAME?,#NAME?,#NAME?,Pre-Revenue,20%,,#NAME?,#NAME?,#NAME?,#NAME?,No,77%,0%,1%,0%,1%,,,#NAME?,#NAME?
,Dan,1773062,Connection Publishing,05/16/2019 11:46 AM,Mr. Crowd,https://www.mrcrowd.com/company/CP,https://www.sec.gov/Archives/edgar/data/1773062/000166610219000015/xslC_X01/primary_doc.xml,5/13/2019,"Connection Publishing, LLC",Connection Publishing,,Media Production,Non-Tech,Growth,Series A,RegCF,,Equity - Common,,,"$2,400,000",,,,2400000,#NAME?,Recurring,B2B,Life Style,Yes,Low,Low,No,,28000000000,#NAME?,28000000000,#NAME?,-0.05,#NAME?,> 50,Low,Low,Obviously better than others,,,Yes,No,Yes,Yes,"$305,370",#NAME?,0,0,#NAME?,1,#NAME?,Profitable,,Yes,4,2,Yes,Yes,No,No,3,3,0,0,,11,0,44,No,,0,0,44,No,,,,,,,,,,,,,,,,,,,,,,,,,,,,,,,,,,,,,,,,,5.50,,0.00,,44.00,#NAME?,,#NAME?,,,,#NAME?,Equity - Common,32.2%,Growth,,#NAME?,#NAME?,#NAME?,#NAME?,Yes,,1.5,1.0,2.5,1.4,#NAME?,100%,2,46%,3,9%,Yes,28%,Yes,No,No,,Recurring,40%,B2B,24%,Low,47%,Low,41%,,5.0,#NAME?,#NAME?,#NAME?,#NAME?,#NAME?,Profitable,7%,,#NAME?,#NAME?,#NAME?,#NAME?,No,77%,0%,1%,0%,1%,,,#NAME?,#NAME?
,Dan,1776148,EV Trail,05/20/2019 2:08 PM,Razitall,https://www.razitall.com/pitch/help-enable-electric-vehicle-road-travel-in-the-us,https://www.sec.gov/Archives/edgar/data/1776148/000166828719000015/xslC_X01/primary_doc.xml,5/20/2019,EV Trail LLC,EV Trail,,Automotive,CleanTech,Early,Seed,RegCF,,CAFES,,,,"$760,000",0%,"$760,000",760000,#NAME?,Recurring,B2B2C,High Growth,Yes,Low,High,No,,11740000000,#NAME?,832000000,#NAME?,0.32,#NAME?,5-10,Low,Low,Similar to others,,,Yes,No,No,No,$0,#NAME?,32,0,#NAME?,1,#NAME?,Pre-Revenue,,No,0,1,No,No,No,No,0,3,0,0,,0,0,42,No,,,,,,,,,,,,,,,,,,,,,,,,,,,,,,,,,,,,,,,,,,,,,,0.00,,0.00,,42.00,#NAME?,,#NAME?,1.0,,,#NAME?,CAFES,10.0%,Early,,#NAME?,#NAME?,#NAME?,#NAME?,Yes,,1.0,1.0,2.0,1.0,#NAME?,100%,1,46%,3,9%,No,72%,No,No,No,,Recurring,40%,B2B2C,7%,Low,47%,High,59%,,1.0,#NAME?,#NAME?,#NAME?,#NAME?,#NAME?,Pre-Revenue,20%,,#NAME?,#NAME?,#NAME?,#NAME?,No,77%,0%,1%,0%,1%,,,#NAME?,#NAME?
,Dan,1742637,C Meyers Feldman & Co,06/06/2019 10:54 AM,CrowdSource Funded,https://crowdsourcefunded.com/offerings/13/cycles/13,https://www.sec.gov/Archives/edgar/data/1742637/000168316819001803/xslC_X01/primary_doc.xml,6/5/2019,C. Meyers Feldman & Co.,CMF,,Insurance,Non-Tech,Growth,Series A,RegCF,,Equity - Common,,,"$5,000,000",,,,5000000,#NAME?,Recurring,B2B,Life Style,Yes,Low,Low,No,,6.21142E+11,#NAME?,2.44E+11,#NAME?,0.05,#NAME?,> 50,Low,Low,Similar to others,,,No,No,Yes,Yes,"$782,715",#NAME?,0,0,#NAME?,1,#NAME?,Profitable,,No,0,1,Yes,No,No,No,2,9,0,0,,24,1,72,No,,,,,,,,,,,,,,,,,,,,,,,,,,,,,,,,,,,,,,,,,,,,,,24.00,,1.00,,72.00,#NAME?,,#NAME?,,,,#NAME?,Equity - Common,32.2%,Growth,,#NAME?,#NAME?,#NAME?,#NAME?,No,,3.3,2.0,5.3,3.6,#NAME?,100%,1,46%,9,6%,Yes,28%,No,No,No,,Recurring,40%,B2B,24%,Low,47%,Low,41%,,5.0,#NAME?,#NAME?,#NAME?,#NAME?,#NAME?,Profitable,7%,,#NAME?,#NAME?,#NAME?,#NAME?,No,77%,0%,1%,0%,1%,,,#NAME?,#NAME?
,Dan,1768911,SanMelix Laboratories,06/20/2019 8:24 AM,StartEngine,https://www.startengine.com/sanmelix,https://www.sec.gov/Archives/edgar/data/1768911/000166516020000035/xslC_X01/primary_doc.xml,1/13/2020,"SanMelix Laboratories, Inc.",SanMelix,,"Healthcare, Fitness, Wellness, & Pharmaceuticals",Non-Tech,Early,Seed,RegCF,,Equity - Common,,,"$6,561,600",,,,6561600,#NAME?,Transactional,B2B,Life Style,Yes,Low,Low,No,,10970000000,#NAME?,10970000000,#NAME?,0.05,#NAME?,< 5,High,Low,Obviously better than others,,,Yes,Yes,Yes,No,$0,#NAME?,24248,500686,#NAME?,0.048429555,#NAME?,Pre-Revenue,,Yes,1,2,Yes,Yes,No,No,3,2,3,0,,34,0,58,Yes,,0,0,60,No,,,,,,,,,,,,,,,,,,,,,,,,,,,,,,,,,,,,,,,,,17.00,,0.00,,59.00,#NAME?,,#NAME?,,,,#NAME?,Equity - Common,32.2%,Early,,#NAME?,#NAME?,#NAME?,#NAME?,Yes,,2.6,1.0,3.6,2.3,#NAME?,100%,2,46%,2,16%,Yes,28%,Yes,No,No,,Transactional,60%,B2B,24%,Low,47%,Low,41%,,3.0,#NAME?,#NAME?,#NAME?,#NAME?,#NAME?,Pre-Revenue,20%,,3.0,#NAME?,#NAME?,#NAME?,Yes,23%,0%,1%,0%,1%,,,#NAME?,#NAME?
,Dan,1787023,LEAF & ASH,09/18/2019 10:04 AM,Fundanna,https://fundanna.com/equity/offer-summary/LEAFandASH,https://www.sec.gov/Archives/edgar/data/1787023/000178702320000001/xslC_X01/primary_doc.xml,1/14/2020,Leat & Ash LLC,Leaf & Ash,,Real Estate & Construction,Non-Tech,Early,Pre-Seed,RegCF,,Convertible Note,,,,"$3,998,304",0%,"$3,998,304",3998304,#NAME?,Recurring,B2B,Life Style,Yes,High,High,No,,2E+11,#NAME?,345000000,#NAME?,0.16,#NAME?,< 5,Low,Low,Similar to others,,,No,No,No,No,$0,#NAME?,514,0,#NAME?,1,#NAME?,Pre-Product,,No,0,1,No,Yes,No,No,2,1,0,0,,0,0,44,No,,,,,,,,,,,,,,,,,,,,,,,,,,,,,,,,,,,,,,,,,,,,,,0.00,,0.00,,44.00,#NAME?,,#NAME?,1.0,,,#NAME?,Convertible Note,13.3%,Early,,#NAME?,#NAME?,#NAME?,#NAME?,No,,1.0,1.0,2.0,1.0,#NAME?,100%,1,46%,1,8%,No,72%,Yes,No,No,,Recurring,40%,B2B,24%,High,53%,High,59%,,1.0,#NAME?,#NAME?,#NAME?,#NAME?,#NAME?,Pre-Product,22%,,#NAME?,#NAME?,#NAME?,#NAME?,No,77%,0%,1%,0%,1%,,,#NAME?,#NAME?
,Dan,1775538,Liberty Access Technologies,09/20/2019 10:17 AM,StartEngine,https://www.startengine.com/liberty-plugins-inc,https://www.sec.gov/Archives/edgar/data/1775538/000166516020000105/xslC_X01/primary_doc.xml,2/12/2020,"Liberty PlugIns, Inc.",Liberty Access Technologies,,Automotive,CleanTech,Growth,Series A,RegCF,,Equity - Common,,,"$19,201,088",,,,19201088,#NAME?,Recurring,B2B,High Growth,Yes,Low,High,No,,50000000000,#NAME?,11000000000,#NAME?,0.3,#NAME?,20-30,High,Low,Similar to others,,,Yes,Yes,Yes,Yes,"$813,613",#NAME?,6280,3182473,#NAME?,0.001973308,#NAME?,Pre-Profit,,No,0,1,Yes,No,No,No,1,5,0,0,,30,0,67,Yes,,,,,,,,,,,,,,,,,,,,,,,,,,,,,,,,,,,,,,,,,,,,,,30.00,,0.00,,67.00,#NAME?,,#NAME?,,,,#NAME?,Equity - Common,32.2%,Growth,,#NAME?,#NAME?,#NAME?,#NAME?,Yes,,3.9,1.0,4.9,3.2,#NAME?,100%,1,46%,5,13%,Yes,28%,No,No,No,,Recurring,40%,B2B,24%,Low,47%,High,59%,,5.0,#NAME?,#NAME?,#NAME?,#NAME?,#NAME?,Pre-Profit,51%,,3.0,#NAME?,#NAME?,#NAME?,Yes,23%,0%,1%,0%,1%,,,#NAME?,#NAME?
,Dan,1777011,SoapSox,09/20/2019 10:27 AM,StartEngine,https://www.startengine.com/soapsox,https://www.sec.gov/Archives/edgar/data/1777011/000166516020000152/xslC_X01/primary_doc.xml,2/21/2020,Phillips Entertainment Group Inc.,SoapSox,,Consumer Goods & Services,Non-Tech,Growth,Series A,RegCF,,Equity - Common,,,"$6,200,000",,,,6200000,#NAME?,Transactional,B2B/B2C,Life Style,Yes,Low,Low,No,,7980000000,#NAME?,4980000000,#NAME?,0.08,#NAME?,< 5,High,Low,Obviously better than others,,,No,Yes,Yes,Yes,"$759,911",#NAME?,691,466986,#NAME?,0.001479702,#NAME?,Pre-Profit,,Yes,9,1,No,No,Yes,No,1,2,0,0,,9,0,43,No,,,,,,,,,,,,,,,,,,,,,,,,,,,,,,,,,,,,,,,,,,,,,,9.00,,0.00,,43.00,#NAME?,,#NAME?,,,,#NAME?,Equity - Common,32.2%,Growth,,#NAME?,#NAME?,#NAME?,#NAME?,No,,1.9,1.0,2.9,1.7,#NAME?,100%,1,46%,2,16%,No,72%,No,Yes,No,,Transactional,60%,B2B/B2C,28%,Low,47%,Low,41%,,5.0,#NAME?,#NAME?,#NAME?,#NAME?,#NAME?,Pre-Profit,51%,,3.0,#NAME?,#NAME?,#NAME?,Yes,23%,0%,1%,0%,1%,,,#NAME?,#NAME?
,Dan,1784186,Boyish Records,09/23/2019 10:03 AM,WeFunder,https://wefunder.com/boyishrecords,https://www.sec.gov/Archives/edgar/data/1784186/000167025419000508/xslC_X01/primary_doc.xml,9/6/2019,"Boyish Records, Inc.",Boyish Records,,Music,Non-Tech,Early,Pre-Seed,RegCF,,SAFE,,,,"$5,000,000",0%,"$5,000,000",5000000,#NAME?,Transactional,B2B,Life Style,Yes,Low,Low,No,,2000000000,#NAME?,2000000000,#NAME?,0.09,#NAME?,> 50,Low,Low,Similar to others,,,Yes,No,No,No,$500,#NAME?,49,0,#NAME?,1,#NAME?,Pre-Profit,,No,0,2,Yes,Yes,Yes,No,3,2,0,0,,0,0,37,Yes,,4,1,,No,,,,,,,,,,,,,,,,,,,,,,,,,,,,,,,,,,,,,,,,,2.00,,1.00,,37.00,#NAME?,,#NAME?,1.0,,,#NAME?,SAFE,37.8%,Early,,#NAME?,#NAME?,#NAME?,#NAME?,Yes,,1.2,2.0,3.2,1.9,#NAME?,100%,2,46%,2,16%,Yes,28%,Yes,Yes,No,,Transactional,60%,B2B,24%,Low,47%,Low,41%,,1.0,#NAME?,#NAME?,#NAME?,#NAME?,#NAME?,Pre-Profit,51%,,#NAME?,#NAME?,#NAME?,#NAME?,No,77%,0%,1%,0%,1%,,,#NAME?,#NAME?
,Dan,1777204,HelloAva,09/24/2019 10:32 AM,Republic,https://republic.co/helloava,https://www.sec.gov/Archives/edgar/data/1777204/000177720419000008/xslC_X01/primary_doc.xml,11/1/2019,"HelloAva, Inc.",HelloAva,,Apparel & Fashion,FashionTech,Early,Seed,RegCF,,SAFE,,,,"$15,000,000",0%,"$15,000,000",15000000,#NAME?,Transactional,B2C,High Growth,Yes,Low,Low,No,,1.35E+11,#NAME?,5600000000,#NAME?,0.04,#NAME?,10-20,Low,Low,Obviously better than others,,,No,Yes,Yes,Yes,"$72,144",#NAME?,56156,917981,#NAME?,0.061173379,#NAME?,Pre-Profit,,Yes,80,3,Yes,Yes,Yes,No,9,17,1,0,,4,0,31,Yes,,3,0,27,No,,3,0,32,Yes,,,,,,,,,,,,,,,,,,,,,,,,,,,,,,,,,,,,3.33,,0.00,,30.00,#NAME?,,#NAME?,1.0,,,#NAME?,SAFE,37.8%,Early,,#NAME?,#NAME?,#NAME?,#NAME?,No,,1.3,1.0,2.3,1.2,#NAME?,100%,3,4%,17,0%,Yes,28%,Yes,Yes,No,,Transactional,60%,B2C,41%,Low,47%,Low,41%,,5.0,#NAME?,#NAME?,#NAME?,#NAME?,#NAME?,Pre-Profit,51%,,#NAME?,#NAME?,#NAME?,#NAME?,Yes,23%,0%,1%,0%,1%,,,#NAME?,#NAME?
,Dan,1762281,Elastico Tequila Grille Co,09/27/2019 1:50 PM,Razitall,https://www.razitall.com/pitch/elastico-tequila-craft-distillery-kc-bbq,https://www.sec.gov/Archives/edgar/data/1762281/000166828719000056/xslC_X01/primary_doc.xml,9/27/2019,Elastic Tequila Grille Co,Elastico Tequila Mirco Distillery,,"Alcohol, Tobacco, & Recreational Drugs",Non-Tech,Early,Pre-Seed,RegCF,,CAFES,,,,"$3,960,000",0%,"$3,960,000",3960000,#NAME?,Transactional,B2C,Life Style,Yes,Low,Low,No,,1.142E+11,#NAME?,27600000000,#NAME?,0.04,#NAME?,> 50,Low,Low,Similar to others,,,No,No,No,No,$0,#NAME?,0,21700,#NAME?,1,#NAME?,Pre-Product,,No,0,1,Yes,No,Yes,No,2,7,0,0,,6,0,27,No,,,,,,,,,,,,,,,,,,,,,,,,,,,,,,,,,,,,,,,,,,,,,,6.00,,0.00,,27.00,#NAME?,,#NAME?,1.0,,,#NAME?,CAFES,10.0%,Early,,#NAME?,#NAME?,#NAME?,#NAME?,No,,1.6,1.0,2.6,1.4,#NAME?,100%,1,46%,7,4%,Yes,28%,No,Yes,No,,Transactional,60%,B2C,41%,Low,47%,Low,41%,,1.0,#NAME?,#NAME?,#NAME?,#NAME?,#NAME?,Pre-Product,22%,,#NAME?,#NAME?,#NAME?,#NAME?,No,77%,0%,1%,0%,1%,,,#NAME?,#NAME?
,Dan,1751525,Layali,09/30/2019 10:03 AM,Republic,https://republic.co/layali,https://www.sec.gov/Archives/edgar/data/1785176/000178517619000002/xslC_X01/primary_doc.xml,12/20/2019,Layali LLC,Layali,,"Food, Beverage, & Restaurants",CommerceTech,Growth,Seed,RegCF,,SAFE,,,,"$2,500,000",20%,"$2,000,000",2000000,#NAME?,Transactional,B2B/B2C,Life Style,Yes,Low,Low,No,,21959000000,#NAME?,246655000,#NAME?,0.09,#NAME?,5-10,High,Low,Obviously better than others,,,No,No,Yes,Yes,"$109,413",#NAME?,710,0,#NAME?,1,#NAME?,Profitable,,No,0,1,No,Yes,Yes,No,1,1,0,0,,0,0,30,No,,,,,,,,,,,,,,,,,,,,,,,,,,,,,,,,,,,,,,,,,,,,,,0.00,,0.00,,30.00,#NAME?,,#NAME?,3.1,,,#NAME?,SAFE,37.8%,Growth,,#NAME?,#NAME?,#NAME?,#NAME?,No,,1.0,1.0,2.0,1.0,#NAME?,100%,1,46%,1,8%,No,72%,Yes,Yes,No,,Transactional,60%,B2B/B2C,28%,Low,47%,Low,41%,,5.0,#NAME?,#NAME?,#NAME?,#NAME?,#NAME?,Profitable,7%,,3.0,#NAME?,#NAME?,#NAME?,No,77%,0%,1%,0%,1%,,,#NAME?,#NAME?
,Dan,1752095,Slumber Bump,10/01/2019 11:36 AM,Mr. Crowd,https://www.mrcrowd.com/company/SB,https://www.sec.gov/Archives/edgar/data/1752095/000166610219000021/xslC_X01/primary_doc.xml,10/21/2019,"Slumber Bump, LLC",Slumber Bump,,"Healthcare, Fitness, Wellness, & Pharmaceuticals",Non-Tech,Early,Seed,RegCF,,Equity - Common,,,"$5,000,000",,,,5000000,#NAME?,Transactional,B2C,Life Style,Yes,Low,Low,No,,84200000000,#NAME?,84200000000,#NAME?,0.07,#NAME?,5-10,Low,Low,Similar to others,,,No,No,Yes,Yes,"$199,139",#NAME?,840,36207,#NAME?,0.023199934,#NAME?,Pre-Profit,,Yes,0,1,Yes,No,No,No,2,4,0,0,,17,0,43,No,,,,,,,,,,,,,,,,,,,,,,,,,,,,,,,,,,,,,,,,,,,,,,17.00,,0.00,,43.00,#NAME?,,#NAME?,,,,#NAME?,Equity - Common,32.2%,Early,,#NAME?,#NAME?,#NAME?,#NAME?,No,,2.6,1.0,3.6,2.3,#NAME?,100%,1,46%,4,12%,Yes,28%,No,No,No,,Transactional,60%,B2C,41%,Low,47%,Low,41%,,5.0,#NAME?,#NAME?,#NAME?,#NAME?,#NAME?,Pre-Profit,51%,,#NAME?,#NAME?,#NAME?,#NAME?,No,77%,0%,1%,0%,1%,,,#NAME?,#NAME?
,Dan,1787006,SelenBio,10/03/2019 10:34 AM,NetCapital,https://netcapital.com/companies/selenbio,https://www.sec.gov/Archives/edgar/data/1787006/000166919120000024/xslC_X01/primary_doc.xml,1/28/2020,"SelenBio, Inc.",SelenBio,,Biotechnology,BioTech,Early,Seed,RegCF,,Equity - Common,,,"$19,621,196",,,,19621196,#NAME?,Transactional,B2B,High Growth,Yes,High,High,No,,2430000000,#NAME?,2430000000,#NAME?,0.08,#NAME?,10-20,Low,Low,Obviously better than others,,,No,Yes,Yes,Yes,"$12,142",#NAME?,27828,1602500,#NAME?,0.017365367,#NAME?,Pre-Profit,,Yes,0,2,Yes,No,No,No,4,2,4,0,,0,1,62,No,,6,0,43,Yes,,,,,,,,,,,,,,,,,,,,,,,,,,,,,,,,,,,,,,,,,3.00,,1.00,,52.50,#NAME?,,#NAME?,,,,#NAME?,Equity - Common,32.2%,Early,,#NAME?,#NAME?,#NAME?,#NAME?,No,,1.3,2.0,3.3,2.0,#NAME?,100%,2,46%,2,16%,Yes,28%,No,No,No,,Transactional,60%,B2B,24%,High,53%,High,59%,,5.0,#NAME?,#NAME?,#NAME?,#NAME?,#NAME?,Pre-Profit,51%,,#NAME?,#NAME?,#NAME?,#NAME?,Yes,23%,0%,1%,0%,1%,,,#NAME?,#NAME?
,Dan,1784191,Avenify,10/03/2019 10:43 AM,Republic,https://republic.co/avenify,https://www.sec.gov/Archives/edgar/data/1784191/000178419119000003/xslC_X01/primary_doc.xml,11/6/2019,Avenify Corp.,Avenify,,Financial & Insurance Products & Services,FinTech,Early,Pre-Seed,RegCF,,SAFE,,,,"$4,000,000",20%,"$3,200,000",3200000,#NAME?,Transactional,B2C,High Growth,Yes,Low,Low,No,,1.062E+11,#NAME?,8240000000,#NAME?,-0.03,#NAME?,> 50,Low,Low,Similar to others,,,Yes,No,No,No,$0,#NAME?,40,98560,#NAME?,0.000405844,#NAME?,Pre-Revenue,,No,0,2,No,No,No,No,2,7,0,0,,0,0,22,No,,0,0,23,No,,,,,,,,,,,,,,,,,,,,,,,,,,,,,,,,,,,,,,,,,0.00,,0.00,,22.50,#NAME?,,#NAME?,3.1,,,#NAME?,SAFE,37.8%,Early,,#NAME?,#NAME?,#NAME?,#NAME?,Yes,,1.0,1.0,2.0,1.0,#NAME?,100%,2,46%,7,4%,No,72%,No,No,No,,Transactional,60%,B2C,41%,Low,47%,Low,41%,,1.0,#NAME?,#NAME?,#NAME?,#NAME?,#NAME?,Pre-Revenue,20%,,#NAME?,#NAME?,#NAME?,#NAME?,No,77%,0%,1%,0%,1%,,,#NAME?,#NAME?
,Dan,1790207,Bright Global Ventures,10/04/2019 1:47 PM,Razitall,https://www.razitall.com/pitch/chinese-global-real-estate-investments,https://www.sec.gov/Archives/edgar/data/1790207/000166828719000059/xslC_X01/primary_doc.xml,10/4/2019,"Bright Global Ventures (DE), Inc.",Bright Global Ventures,,Real Estate & Construction,Non-Tech,Early,Seed,RegCF,,CAFES,,,,"$7,920,000",0%,"$7,920,000",7920000,#NAME?,Transactional,B2C,Life Style,Yes,Low,Low,No,,29925000000,#NAME?,29925000000,#NAME?,0.06,#NAME?,> 50,Low,Low,Similar to others,,,No,No,No,No,$0,#NAME?,0,50000,#NAME?,1,#NAME?,Pre-Revenue,,Yes,500,1,No,Yes,No,No,2,2,0,0,,0,0,35,No,,,,,,,,,,,,,,,,,,,,,,,,,,,,,,,,,,,,,,,,,,,,,,0.00,,0.00,,35.00,#NAME?,,#NAME?,1.0,,,#NAME?,CAFES,10.0%,Early,,#NAME?,#NAME?,#NAME?,#NAME?,No,,1.0,1.0,2.0,1.0,#NAME?,100%,1,46%,2,16%,No,72%,Yes,No,No,,Transactional,60%,B2C,41%,Low,47%,Low,41%,,1.0,#NAME?,#NAME?,#NAME?,#NAME?,#NAME?,Pre-Revenue,20%,,#NAME?,#NAME?,#NAME?,#NAME?,No,77%,0%,1%,0%,1%,,,#NAME?,#NAME?
,Dan,1787345,SunVessel,10/07/2019 10:27 AM,WeFunder,https://wefunder.com/sunvessel,https://www.sec.gov/Archives/edgar/data/1787345/000167025419000518/xslC_X01/primary_doc.xml,9/11/2019,SunVessel Corp.,SunVessel,,"Transportation, Automotive, Aviation, & Aerospace",HardwareTech,Early,Seed,RegCF,,SAFE,,,,"$5,000,000",20%,"$4,000,000",4000000,#NAME?,Recurring,B2C,Life Style,Yes,Low,Low,No,,96200000000,#NAME?,96200000000,#NAME?,0.16,#NAME?,10-20,Low,Low,Similar to others,,,Yes,No,No,No,$0,#NAME?,2243,134619,#NAME?,0.016661838,#NAME?,Pre-Product,,No,0,1,No,No,No,No,2,3,3,0,,0,1,35,No,,,,,,,,,,,,,,,,,,,,,,,,,,,,,,,,,,,,,,,,,,,,,,0.00,,1.00,,35.00,#NAME?,,#NAME?,3.1,,,#NAME?,SAFE,37.8%,Early,,#NAME?,#NAME?,#NAME?,#NAME?,Yes,,1.0,2.0,3.0,1.8,#NAME?,100%,1,46%,3,9%,No,72%,No,No,No,,Recurring,40%,B2C,41%,Low,47%,Low,41%,,1.0,#NAME?,#NAME?,#NAME?,#NAME?,#NAME?,Pre-Product,22%,,#NAME?,#NAME?,#NAME?,#NAME?,No,77%,0%,1%,0%,1%,,,#NAME?,#NAME?
,Dan,1782777,Youcanevent,10/08/2019 9:50 AM,Republic,https://republic.co/youcanevent,https://www.sec.gov/Archives/edgar/data/1782777/000178277719000002/xslC_X01/primary_doc.xml,10/8/2019,"Youcanevent, Inc.",Youcan,,Events Services,CommerceTech,Growth,Series A,RegCF,,SAFE,,,,"$7,500,000",20%,"$6,000,000",6000000,#NAME?,Transactional,B2B/B2C,High Growth,Yes,High,Low,Yes,,5700000000,#NAME?,5700000000,#NAME?,0.15,#NAME?,30-40,High,Low,Obviously better than others,,,No,No,Yes,Yes,"$258,659",#NAME?,2390,235000,#NAME?,0.010170213,#NAME?,Profitable,,No,0,2,Yes,No,No,No,3,7,2,0,,1,0,27,No,,1,0,30,No,,,,,,,,,,,,,,,,,,,,,,,,,,,,,,,,,,,,,,,,,1.00,,0.00,,28.50,#NAME?,,#NAME?,3.1,,,#NAME?,SAFE,37.8%,Growth,,#NAME?,#NAME?,#NAME?,#NAME?,No,,1.1,1.0,2.1,1.1,#NAME?,100%,2,46%,7,4%,Yes,28%,No,No,No,,Transactional,60%,B2B/B2C,28%,High,53%,Low,41%,,5.0,#NAME?,#NAME?,#NAME?,#NAME?,#NAME?,Profitable,7%,,3.0,#NAME?,#NAME?,#NAME?,No,77%,0%,1%,0%,1%,,,#NAME?,#NAME?
,Dan,1787792,Fisher Wallace Laboratories,10/08/2019 10:11 AM,StartEngine,https://www.startengine.com/fisherwallace,https://www.sec.gov/Archives/edgar/data/1787792/000166516020000009/xslC_X01/primary_doc.xml,1/3/2020,"Fisher Wallace Laboratories, Inc.",Fisher Wallace Laboratories,,"Healthcare, Fitness, Wellness, & Pharmaceuticals",MedTech,Growth,Series A,RegCF,,Equity - Common,,,"$15,000,000",,,,15000000,#NAME?,Recurring,B2C,Life Style,Yes,Low,Low,No,,4323000000,#NAME?,4323000000,#NAME?,0.06,#NAME?,< 5,Low,Low,Similar to others,,,No,Yes,Yes,Yes,"$4,717,684",#NAME?,16694,1800000,#NAME?,0.009274444,#NAME?,Profitable,,No,0,2,Yes,No,No,No,2,8,2,0,,11,0,46,Yes,,13,0,64,Yes,,,,,,,,,,,,,,,,,,,,,,,,,,,,,,,,,,,,,,,,,12.00,,0.00,,55.00,#NAME?,,#NAME?,,,,#NAME?,Equity - Common,32.2%,Growth,,#NAME?,#NAME?,#NAME?,#NAME?,No,,2.1,1.0,3.1,1.9,#NAME?,100%,2,46%,8,6%,Yes,28%,No,No,No,,Recurring,40%,B2C,41%,Low,47%,Low,41%,,5.0,#NAME?,#NAME?,#NAME?,#NAME?,#NAME?,Profitable,7%,,#NAME?,#NAME?,#NAME?,#NAME?,Yes,23%,0%,1%,0%,1%,,,#NAME?,#NAME?
,Dan,1706765,hobbyDB,10/09/2019 9:37 AM,WeFunder,https://wefunder.com/hobbydb,https://www.sec.gov/Archives/edgar/data/1706765/000167025419000538/xslC_X01/primary_doc.xml,9/20/2019,Hobbydb Corp,hobbyDB,,Arts & Crafts,MarketplaceTech,Growth,Series A,RegCF,,Equity - Preferred,,,"$17,600,000",,,,17600000,#NAME?,Transactional,B2B/B2C,High Growth,Yes,High,Low,Yes,,4.5E+11,#NAME?,4.5E+11,#NAME?,0.06,#NAME?,5-10,Low,Low,Obviously better than others,,,No,No,Yes,Yes,"$313,961",#NAME?,60738,4513039,#NAME?,0.013458337,#NAME?,Pre-Profit,,Yes,4,1,Yes,No,No,No,4,12,0,0,,16,1,50,Yes,,,,,,,,,,,,,,,,,,,,,,,,,,,,,,,,,,,,,,,,,,,,,,16.00,,1.00,,50.00,#NAME?,,#NAME?,,,,#NAME?,Equity - Preferred,6.7%,Growth,,#NAME?,#NAME?,#NAME?,#NAME?,No,,2.5,2.0,4.5,3.0,#NAME?,100%,1,46%,12,1%,Yes,28%,No,No,No,,Transactional,60%,B2B/B2C,28%,High,53%,Low,41%,,5.0,#NAME?,#NAME?,#NAME?,#NAME?,#NAME?,Pre-Profit,51%,,#NAME?,#NAME?,#NAME?,#NAME?,No,77%,0%,1%,0%,1%,,,#NAME?,#NAME?
,Dan,1787343,Gravatate,10/09/2019 9:42 AM,WeFunder,https://wefunder.com/gravatate.inc,https://www.sec.gov/Archives/edgar/data/1787343/000167025419000530/xslC_X01/primary_doc.xml,9/19/2019,"Gravatate, Inc.",Gravatate,,Information Technology and Services,EnterpriseTech,Early,Series A,RegCF,,SAFE,,,,"$4,500,000",20%,"$3,600,000",3600000,#NAME?,Recurring,B2B,High Growth,Yes,High,Low,No,,28000000000,#NAME?,28000000000,#NAME?,0.22,#NAME?,< 5,Low,Low,Obviously worse than others,,,No,No,Yes,Yes,$234,#NAME?,15035,723992,#NAME?,0.020766804,#NAME?,Pre-Profit,,Yes,0,1,Yes,No,No,No,2,2,1,0,,7,0,49,No,,,,,,,,,,,,,,,,,,,,,,,,,,,,,,,,,,,,,,,,,,,,,,7.00,,0.00,,49.00,#NAME?,,#NAME?,3.1,,,#NAME?,SAFE,37.8%,Early,,#NAME?,#NAME?,#NAME?,#NAME?,No,,1.7,1.0,2.7,1.5,#NAME?,100%,1,46%,2,16%,Yes,28%,No,No,No,,Recurring,40%,B2B,24%,High,53%,Low,41%,,5.0,#NAME?,#NAME?,#NAME?,#NAME?,#NAME?,Pre-Profit,51%,,#NAME?,#NAME?,#NAME?,#NAME?,No,77%,0%,1%,0%,1%,,,#NAME?,#NAME?
,Dan,1784430,Chow420,10/11/2019 10:32 AM,StartEngine,https://www.startengine.com/chow,https://www.sec.gov/Archives/edgar/data/1784430/000166516020000130/xslC_X01/primary_doc.xml,2/14/2020,"VLISO, Inc.",Chow420,,"Alcohol, Tobacco, & Recreational Drugs",CommerceTech,Early,Pre-Seed,RegCF,,Equity - Common,,,"$5,040,000",,,,5040000,#NAME?,Transactional,B2B/B2C,Life Style,Yes,High,Low,No,,2E+11,#NAME?,2E+11,#NAME?,0.16,#NAME?,10-20,High,Low,Obviously better than others,,,No,No,Yes,Yes,$0,#NAME?,0,0,#NAME?,1,#NAME?,Pre-Profit,,Yes,200,2,No,No,Yes,No,2,2,1,0,,0,0,28,No,,0,0,26,No,,,,,,,,,,,,,,,,,,,,,,,,,,,,,,,,,,,,,,,,,0.00,,0.00,,27.00,#NAME?,,#NAME?,,,,#NAME?,Equity - Common,32.2%,Early,,#NAME?,#NAME?,#NAME?,#NAME?,No,,1.0,1.0,2.0,1.0,#NAME?,100%,2,46%,2,16%,No,72%,No,Yes,No,,Transactional,60%,B2B/B2C,28%,High,53%,Low,41%,,5.0,#NAME?,#NAME?,#NAME?,#NAME?,#NAME?,Pre-Profit,51%,,3.0,#NAME?,#NAME?,#NAME?,No,77%,0%,1%,0%,1%,,,#NAME?,#NAME?
,Dan,1782117,Dapper Boi,10/11/2019 10:40 AM,StartEngine,https://www.startengine.com/dapper-boi,https://www.sec.gov/Archives/edgar/data/1782117/000166516020000196/xslC_X01/primary_doc.xml,3/6/2020,"Dapper Boi, Inc.",Dapper Boi,,Apparel & Fashion,Non-Tech,Growth,Series A,RegCF,,Equity - Common,,,"$6,000,000",,,,6000000,#NAME?,Transactional,B2B/B2C,Life Style,Yes,Low,Low,No,,9.479E+11,#NAME?,9.479E+11,#NAME?,0.12,#NAME?,20-30,Low,Low,Similar to others,,,No,No,Yes,Yes,"$334,811",#NAME?,11082,136000,#NAME?,0.081485294,#NAME?,Pre-Profit,,No,0,2,Yes,Yes,Yes,No,4,2,0,0,,6,0,38,No,,6,0,30,No,,,,,,,,,,,,,,,,,,,,,,,,,,,,,,,,,,,,,,,,,6.00,,0.00,,34.00,#NAME?,,#NAME?,,,,#NAME?,Equity - Common,32.2%,Growth,,#NAME?,#NAME?,#NAME?,#NAME?,No,,1.6,1.0,2.6,1.4,#NAME?,100%,2,46%,2,16%,Yes,28%,Yes,Yes,No,,Transactional,60%,B2B/B2C,28%,Low,47%,Low,41%,,5.0,#NAME?,#NAME?,#NAME?,#NAME?,#NAME?,Pre-Profit,51%,,#NAME?,#NAME?,#NAME?,#NAME?,No,77%,0%,1%,0%,1%,,,#NAME?,#NAME?
,Dan,1785581,Clear Water Distilling,10/16/2019 10:02 AM,StartEngine,https://www.startengine.com/clearwaterdistilling,https://www.sec.gov/Archives/edgar/data/1785581/000166516020000230/xslC_X01/primary_doc.xml,3/13/2020,Clearwater Distilling Co LLC,Clear Water Distilling,,"Alcohol, Tobacco, & Recreational Drugs",Non-Tech,Early,Seed,RegCF,,Equity - Common,,,"$7,504,410",,,,7504410,#NAME?,Transactional,B2B/B2C,Life Style,Yes,Low,Low,No,,1.142E+11,#NAME?,27600000000,#NAME?,0.04,#NAME?,> 50,Low,Low,Similar to others,,,No,No,No,No,$0,#NAME?,1689,54238,#NAME?,0.031140529,#NAME?,Pre-Revenue,,No,0,1,No,No,No,No,1,2,1,0,,0,0,45,No,,,,,,,,,,,,,,,,,,,,,,,,,,,,,,,,,,,,,,,,,,,,,,0.00,,0.00,,45.00,#NAME?,,#NAME?,,,,#NAME?,Equity - Common,32.2%,Early,,#NAME?,#NAME?,#NAME?,#NAME?,No,,1.0,1.0,2.0,1.0,#NAME?,100%,1,46%,2,16%,No,72%,No,No,No,,Transactional,60%,B2B/B2C,28%,Low,47%,Low,41%,,1.0,#NAME?,#NAME?,#NAME?,#NAME?,#NAME?,Pre-Revenue,20%,,#NAME?,#NAME?,#NAME?,#NAME?,No,77%,0%,1%,0%,1%,,,#NAME?,#NAME?
,Dan,1785581,GoSun,10/16/2019 10:06 AM,StartEngine,https://www.startengine.com/gosuninc,https://www.sec.gov/Archives/edgar/data/1706024/000166516020000030/xslC_X01/primary_doc.xml,1/10/2020,GoSun Inc.,GoSun,,"Food, Beverage, & Restaurants",FoodTech,Growth,Series A,RegCF,,Equity - Common,,,"$14,029,817",,,,14029817,#NAME?,Transactional,B2B/B2C,Life Style,Yes,Low,Low,No,,46460000000,#NAME?,46460000000,#NAME?,0.08,#NAME?,5-10,High,Low,Obviously better than others,,,Yes,Yes,Yes,Yes,"$1,565,135",#NAME?,34126,565000,#NAME?,0.0604,#NAME?,Pre-Profit,,Yes,7,1,Yes,No,No,No,2,11,1,0,,13,1,42,No,,,,,,,,,,,,,,,,,,,,,,,,,,,,,,,,,,,,,,,,,,,,,,13.00,,1.00,,42.00,#NAME?,,#NAME?,,,,#NAME?,Equity - Common,32.2%,Growth,,#NAME?,#NAME?,#NAME?,#NAME?,Yes,,2.2,2.0,4.2,2.8,#NAME?,100%,1,46%,11,3%,Yes,28%,No,No,No,,Transactional,60%,B2B/B2C,28%,Low,47%,Low,41%,,5.0,#NAME?,#NAME?,#NAME?,#NAME?,#NAME?,Pre-Profit,51%,,3.0,#NAME?,#NAME?,#NAME?,Yes,23%,0%,1%,0%,1%,,,#NAME?,#NAME?
,Dan,1788657,Flowh,10/17/2019 9:44 AM,TruCrowd,https://us.trucrowd.com/equity/offer-summary/Flowh,https://www.sec.gov/Archives/edgar/data/1788657/000178865720000001/xslC_X01/primary_doc.xml,1/16/2020,"Flowh, Inc.",Flowh,,Events Services,MediaTech,Early,Seed,RegCF,,Equity - Common,,,"$2,400,000",,,,2400000,#NAME?,Recurring,B2C,High Growth,Yes,High,Low,No,,5700000000,#NAME?,5700000000,#NAME?,0.15,#NAME?,30-40,High,Low,Obviously worse than others,,,No,No,Yes,Yes,$635,#NAME?,407,10613,#NAME?,0.038349194,#NAME?,Pre-Profit,,No,0,2,Yes,No,No,No,3,1,4,0,,6,0,34,No,,0,2,67,No,,,,,,,,,,,,,,,,,,,,,,,,,,,,,,,,,,,,,,,,,3.00,,2.00,,50.50,#NAME?,,#NAME?,,,,#NAME?,Equity - Common,32.2%,Early,,#NAME?,#NAME?,#NAME?,#NAME?,No,,1.3,3.0,4.3,2.8,#NAME?,100%,2,46%,1,8%,Yes,28%,No,No,No,,Recurring,40%,B2C,41%,High,53%,Low,41%,,5.0,#NAME?,#NAME?,#NAME?,#NAME?,#NAME?,Pre-Profit,51%,,3.0,#NAME?,#NAME?,#NAME?,No,77%,0%,1%,0%,1%,,,#NAME?,#NAME?
,Dan,1789864,CEO Space,10/21/2019 11:43 AM,Mr. Crowd,https://www.mrcrowd.com/company/CEO,https://www.sec.gov/Archives/edgar/data/1789864/000166610219000026/xslC_X01/primary_doc.xml,12/6/2019,CEO Space International Inc.,CEO Space,,Management Consulting,Non-Tech,Growth,Series A,RegCF,,Equity - Common,,,"$10,000,000",,,,10000000,#NAME?,Transactional,B2B,Life Style,Yes,Low,Low,No,,1.19547E+12,#NAME?,1.19547E+12,#NAME?,0.11,#NAME?,> 50,Low,Low,Similar to others,,,Yes,No,Yes,Yes,"$781,010",#NAME?,13407,0,#NAME?,1,#NAME?,Pre-Profit,,Yes,0,1,Yes,Yes,No,No,0,1,0,0,,12,0,42,No,,,,,,,,,,,,,,,,,,,,,,,,,,,,,,,,,,,,,,,,,,,,,,12.00,,0.00,,42.00,#NAME?,,#NAME?,,,,#NAME?,Equity - Common,32.2%,Growth,,#NAME?,#NAME?,#NAME?,#NAME?,Yes,,2.1,1.0,3.1,1.9,#NAME?,100%,1,46%,1,8%,Yes,28%,Yes,No,No,,Transactional,60%,B2B,24%,Low,47%,Low,41%,,5.0,#NAME?,#NAME?,#NAME?,#NAME?,#NAME?,Pre-Profit,51%,,#NAME?,#NAME?,#NAME?,#NAME?,No,77%,0%,1%,0%,1%,,,#NAME?,#NAME?
,Dan,1699476,PlantSnap Incorporated,10/22/2019 8:52 AM,StartEngine,https://www.startengine.com/plantsnap-inc,https://www.sec.gov/Archives/edgar/data/1699476/000166516020000044/xslC_X01/primary_doc.xml,1/17/2020,"PlantSnap, Inc.",PlantSnap,,"Education, Training, & Coaching",AgriTech,Growth,Series A,RegCF,,Equity - Common,,,"$33,995,244",,,,33995244,#NAME?,Recurring,B2B2C,High Growth,Yes,High,Low,No,,53600000000,#NAME?,53600000000,#NAME?,0.07,#NAME?,5-10,High,Low,Obviously better than others,,,No,Yes,Yes,Yes,"$2,173,483",#NAME?,565876,615901,#NAME?,0.918777531,#NAME?,Pre-Profit,,Yes,2,1,Yes,No,No,No,2,12,0,0,,4,1,49,No,,,,,,,,,,,,,,,,,,,,,,,,,,,,,,,,,,,,,,,,,,,,,,4.00,,1.00,,49.00,#NAME?,,#NAME?,,,,#NAME?,Equity - Common,32.2%,Growth,,#NAME?,#NAME?,#NAME?,#NAME?,No,,1.4,2.0,3.4,2.1,#NAME?,100%,1,46%,12,1%,Yes,28%,No,No,No,,Recurring,40%,B2B2C,7%,High,53%,Low,41%,,5.0,#NAME?,#NAME?,#NAME?,#NAME?,#NAME?,Pre-Profit,51%,,3.0,#NAME?,#NAME?,#NAME?,Yes,23%,0%,1%,0%,1%,,,#NAME?,#NAME?
,Dan,1719648,FreeRolls Entertainment,10/24/2019 8:13 AM,WeFunder,https://wefunder.com/freerolls.poker.clubs,https://www.sec.gov/Archives/edgar/data/1719648/000167025419000591/xslC_X01/primary_doc.xml,10/11/2019,"Freerolls Entertainment, Inc.",FreeRolls Entertainment,,Gambling & Casinos,Non-Tech,Pre-IPO,Series A,RegCF,,Equity - Preferred,,,"$12,400,000",,,,12400000,#NAME?,Transactional,B2B/B2C,Life Style,Yes,Low,Low,No,,4.87E+11,#NAME?,86100000000,#NAME?,0.04,#NAME?,> 50,Low,Low,Similar to others,,,No,No,Yes,Yes,"$65,185",#NAME?,54930,1362263,#NAME?,0.04032261,#NAME?,Pre-Profit,,Yes,1,1,No,No,Yes,No,1,41,0,0,,0,0,56,No,,,,,,,,,,,,,,,,,,,,,,,,,,,,,,,,,,,,,,,,,,,,,,0.00,,0.00,,56.00,#NAME?,,#NAME?,,,,#NAME?,Equity - Preferred,6.7%,Pre-IPO,,#NAME?,#NAME?,#NAME?,#NAME?,No,,1.0,1.0,2.0,1.0,#NAME?,100%,1,46%,41,0%,No,72%,No,Yes,No,,Transactional,60%,B2B/B2C,28%,Low,47%,Low,41%,,5.0,#NAME?,#NAME?,#NAME?,#NAME?,#NAME?,Pre-Profit,51%,,#NAME?,#NAME?,#NAME?,#NAME?,No,77%,0%,1%,0%,1%,,,#NAME?,#NAME?
,Dan,1791992,Metaiye Knights,10/25/2019 10:40 AM,StartEngine,https://www.startengine.com/metaiyeknights,https://www.sec.gov/Archives/edgar/data/1791992/000166516020000151/xslC_X01/primary_doc.xml,2/21/2020,"Metai Knights Media, Inc.",Metaiye Knights,,"Media, Entertainment, Sports, & Publishing",MediaTech,Early,Pre-Seed,RegCF,,Equity - Preferred,,,"$8,000,000",,,,8000000,#NAME?,Recurring,B2B/B2C,High Growth,Yes,Low,Low,No,,1095000000,#NAME?,1095000000,#NAME?,0.05,#NAME?,> 50,High,Low,Similar to others,,,No,No,Yes,Yes,$0,#NAME?,272,0,#NAME?,1,#NAME?,Pre-Revenue,,Yes,3,1,Yes,No,Yes,No,3,2,3,0,,2,0,48,No,,,,,,,,,,,,,,,,,,,,,,,,,,,,,,,,,,,,,,,,,,,,,,2.00,,0.00,,48.00,#NAME?,,#NAME?,,,,#NAME?,Equity - Preferred,6.7%,Early,,#NAME?,#NAME?,#NAME?,#NAME?,No,,1.2,1.0,2.2,1.1,#NAME?,100%,1,46%,2,16%,Yes,28%,No,Yes,No,,Recurring,40%,B2B/B2C,28%,Low,47%,Low,41%,,5.0,#NAME?,#NAME?,#NAME?,#NAME?,#NAME?,Pre-Revenue,20%,,3.0,#NAME?,#NAME?,#NAME?,No,77%,0%,1%,0%,1%,,,#NAME?,#NAME?
,Dan,1792013,BatteryXchange,10/28/2019 11:50 AM,Localstake,https://localstake.com/businesses/batteryxchange/preview,https://www.sec.gov/Archives/edgar/data/1792013/000179201319000001/xslC_X01/primary_doc.xml,10/28/2019,"BatteryXchange, Inc.",BatteryXchange,,Consumer Elecronics,HardwareTech,Early,Pre-Seed,RegCF,,Convertible Note,,,,"$4,000,000",20%,"$3,200,000",3200000,#NAME?,Recurring,B2B/B2C,Life Style,Yes,Low,Low,No,,16160000000,#NAME?,16160000000,#NAME?,0.19,#NAME?,5-10,Low,Low,Similar to others,,,No,No,No,No,$0,#NAME?,0,0,#NAME?,1,#NAME?,Pre-Product,,No,0,2,No,No,Yes,No,2,2,4,0,,0,0,30,No,,0,0,30,No,,,,,,,,,,,,,,,,,,,,,,,,,,,,,,,,,,,,,,,,,0.00,,0.00,,30.00,#NAME?,,#NAME?,3.1,,,#NAME?,Convertible Note,13.3%,Early,,#NAME?,#NAME?,#NAME?,#NAME?,No,,1.0,1.0,2.0,1.0,#NAME?,100%,2,46%,2,16%,No,72%,No,Yes,No,,Recurring,40%,B2B/B2C,28%,Low,47%,Low,41%,,1.0,#NAME?,#NAME?,#NAME?,#NAME?,#NAME?,Pre-Product,22%,,#NAME?,#NAME?,#NAME?,#NAME?,No,77%,0%,1%,0%,1%,,,#NAME?,#NAME?
,Dan,1791721,Life Imaging,10/29/2019 10:35 AM,StartEngine,https://www.startengine.com/life-scan,https://www.sec.gov/Archives/edgar/data/1791721/000166516020000052/xslC_X01/primary_doc.xml,1/27/2020,"Life Imaging Fla, Inc.",Life Imaging,,"Healthcare, Fitness, Wellness, & Pharmaceuticals",MedTech,Early,Pre-Seed,RegCF,,Equity - Common,,,"$3,000,000",,,,3000000,#NAME?,Transactional,B2C,Life Style,Yes,Low,High,No,,5.75E+11,#NAME?,5.75E+11,#NAME?,0.07,#NAME?,< 5,Low,Low,Similar to others,,,No,No,No,No,$0,#NAME?,479,0,#NAME?,1,#NAME?,Pre-Product,,No,0,1,No,No,No,No,0,1,0,0,,0,1,42,No,,,,,,,,,,,,,,,,,,,,,,,,,,,,,,,,,,,,,,,,,,,,,,0.00,,1.00,,42.00,#NAME?,,#NAME?,,,,#NAME?,Equity - Common,32.2%,Early,,#NAME?,#NAME?,#NAME?,#NAME?,No,,1.0,2.0,3.0,1.8,#NAME?,100%,1,46%,1,8%,No,72%,No,No,No,,Transactional,60%,B2C,41%,Low,47%,High,59%,,1.0,#NAME?,#NAME?,#NAME?,#NAME?,#NAME?,Pre-Product,22%,,#NAME?,#NAME?,#NAME?,#NAME?,No,77%,0%,1%,0%,1%,,,#NAME?,#NAME?
,Dan,1716903,Atmos Home,10/30/2019 9:47 AM,StartEngine,https://www.startengine.com/atmos-home,https://www.sec.gov/Archives/edgar/data/1716903/000166516020000055/xslC_X01/primary_doc.xml,1/28/2020,Atmos Home Inc.,Atmos Home,,Consumer Elecronics,HardwareTech,Early,Seed,RegCF,,Convertible Note,,,,"$12,000,000",20%,"$9,600,000",9600000,#NAME?,Transactional,B2C,High Growth,Yes,Low,Low,No,,96120000000,#NAME?,96120000000,#NAME?,0.12,#NAME?,5-10,Low,Low,Similar to others,,,No,No,Yes,Yes,$0,#NAME?,76711,1200000,#NAME?,0.063925833,#NAME?,Pre-Revenue,,Yes,1,2,No,No,No,No,2,6,0,0,,0,1,45,No,,0,0,29,No,,,,,,,,,,,,,,,,,,,,,,,,,,,,,,,,,,,,,,,,,0.00,,1.00,,37.00,#NAME?,,#NAME?,3.1,,,#NAME?,Convertible Note,13.3%,Early,,#NAME?,#NAME?,#NAME?,#NAME?,No,,1.0,2.0,3.0,1.8,#NAME?,100%,2,46%,6,6%,No,72%,No,No,No,,Transactional,60%,B2C,41%,Low,47%,Low,41%,,5.0,#NAME?,#NAME?,#NAME?,#NAME?,#NAME?,Pre-Revenue,20%,,#NAME?,#NAME?,#NAME?,#NAME?,No,77%,0%,1%,0%,1%,,,#NAME?,#NAME?
,Dan,1716903,Called Higher Studios,10/30/2019 9:51 AM,StartEngine,https://www.startengine.com/called-higher-studios,https://www.sec.gov/Archives/edgar/data/1786874/000166516020000063/xslC_X01/primary_doc.xml,1/29/2020,"Called Higher Studios, Inc.",Called Higher Studios,,"Media, Entertainment, Sports, & Publishing",Non-Tech,Early,Pre-Seed,RegCF,,Equity - Common,,,"$1,730,000",,,,1730000,#NAME?,Transactional,B2C,Life Style,Yes,Low,High,No,,1.01E+11,#NAME?,11400000000,#NAME?,0.02,#NAME?,20-30,Low,Low,Similar to others,,,No,No,No,No,$0,#NAME?,0,0,#NAME?,1,#NAME?,Pre-Product,,No,0,2,Yes,No,Yes,No,5,3,1,0,,0,0,42,No,,12,0,48,No,,,,,,,,,,,,,,,,,,,,,,,,,,,,,,,,,,,,,,,,,6.00,,0.00,,45.00,#NAME?,,#NAME?,,,,#NAME?,Equity - Common,32.2%,Early,,#NAME?,#NAME?,#NAME?,#NAME?,No,,1.6,1.0,2.6,1.4,#NAME?,100%,2,46%,3,9%,Yes,28%,No,Yes,No,,Transactional,60%,B2C,41%,Low,47%,High,59%,,1.0,#NAME?,#NAME?,#NAME?,#NAME?,#NAME?,Pre-Product,22%,,#NAME?,#NAME?,#NAME?,#NAME?,No,77%,0%,1%,0%,1%,,,#NAME?,#NAME?
,Dan,1689361,Currency Tracking Technologies,10/31/2019 11:58 AM,StartEngine,https://www.startengine.com/currency-tracking-technologies-llc,https://www.sec.gov/Archives/edgar/data/1689361/000166516020000204/xslC_X01/primary_doc.xml,3/6/2020,"Currency Tracking Technologies, LLC",Currency Tracking Technologies,,Security & Investigations,RegTech,Early,Seed,RegCF,,Equity - Common,,,"$8,930,000",,,,8930000,#NAME?,Recurring,B2B,High Growth,Yes,High,Low,No,,1106000000,#NAME?,1106000000,#NAME?,0.14,#NAME?,< 5,High,High,Similar to others,,,Yes,Yes,No,No,$0,#NAME?,561,360200,#NAME?,0.001557468,#NAME?,Pre-Product,,Yes,0,2,No,Yes,No,No,1,6,6,0,,0,0,70,No,,0,0,52,No,,,,,,,,,,,,,,,,,,,,,,,,,,,,,,,,,,,,,,,,,0.00,,0.00,,61.00,#NAME?,,#NAME?,,,,#NAME?,Equity - Common,32.2%,Early,,#NAME?,#NAME?,#NAME?,#NAME?,Yes,,1.0,1.0,2.0,1.0,#NAME?,100%,2,46%,6,6%,No,72%,Yes,No,No,,Recurring,40%,B2B,24%,High,53%,Low,41%,,1.0,#NAME?,#NAME?,#NAME?,#NAME?,#NAME?,Pre-Product,22%,,#NAME?,#NAME?,#NAME?,#NAME?,Yes,23%,0%,1%,0%,1%,,,#NAME?,#NAME?
,Dan,1744851,Rhino Hide,10/31/2019 12:02 PM,StartEngine,https://www.startengine.com/rhino-hide-inc,https://www.sec.gov/Archives/edgar/data/1744851/000166516020000047/xslC_X01/primary_doc.xml,1/24/2020,Rhino Hide LLC,Rhine Hide,,Building Materials,Non-Tech,Early,Seed,RegCF,,Equity - Common,,,"$6,051,033",,,,6051033,#NAME?,Transactional,B2B,Life Style,Yes,Low,Low,No,,45850000000,#NAME?,45850000000,#NAME?,0.12,#NAME?,5-10,High,Low,Obviously better than others,,,No,Yes,No,No,$0,#NAME?,12321,526402,#NAME?,0.023406066,#NAME?,Pre-Revenue,,Yes,0,1,Yes,No,No,No,1,3,2,0,,17,0,46,No,,,,,,,,,,,,,,,,,,,,,,,,,,,,,,,,,,,,,,,,,,,,,,17.00,,0.00,,46.00,#NAME?,,#NAME?,,,,#NAME?,Equity - Common,32.2%,Early,,#NAME?,#NAME?,#NAME?,#NAME?,No,,2.6,1.0,3.6,2.3,#NAME?,100%,1,46%,3,9%,Yes,28%,No,No,No,,Transactional,60%,B2B,24%,Low,47%,Low,41%,,1.0,#NAME?,#NAME?,#NAME?,#NAME?,#NAME?,Pre-Revenue,20%,,3.0,#NAME?,#NAME?,#NAME?,Yes,23%,0%,1%,0%,1%,,,#NAME?,#NAME?
,Dan,1720886,Megalopolis,10/31/2019 12:06 PM,StartEngine,https://www.startengine.com/megalopolis-city-of-collectibles,https://www.sec.gov/Archives/edgar/data/1720886/000166516020000082/xslC_X01/primary_doc.xml,1/31/2020,"Toy Overlord, Inc.",Megalopolos,,Arts & Crafts,MarketplaceTech,Growth,Series A,RegCF,,Equity - Common,,,"$4,961,250",,,,4961250,#NAME?,Transactional,B2B/B2C,High Growth,Yes,High,Low,No,,90400000000,#NAME?,9040000000,#NAME?,0.05,#NAME?,5-10,Low,Low,Similar to others,,,No,No,Yes,Yes,"$749,509",#NAME?,141520,2006203,#NAME?,0.070541216,#NAME?,Pre-Profit,,Yes,4,1,Yes,No,No,No,2,12,0,0,,1,0,27,No,,,,,,,,,,,,,,,,,,,,,,,,,,,,,,,,,,,,,,,,,,,,,,1.00,,0.00,,27.00,#NAME?,,#NAME?,,,,#NAME?,Equity - Common,32.2%,Growth,,#NAME?,#NAME?,#NAME?,#NAME?,No,,1.1,1.0,2.1,1.1,#NAME?,100%,1,46%,12,1%,Yes,28%,No,No,No,,Transactional,60%,B2B/B2C,28%,High,53%,Low,41%,,5.0,#NAME?,#NAME?,#NAME?,#NAME?,#NAME?,Pre-Profit,51%,,#NAME?,#NAME?,#NAME?,#NAME?,No,77%,0%,1%,0%,1%,,,#NAME?,#NAME?
,Dan,1791625,Elevate Nutrition,10/31/2019 12:19 PM,StartEngine,https://www.startengine.com/elevate-nutrition,https://www.sec.gov/Archives/edgar/data/1791625/000166516020000054/xslC_X01/primary_doc.xml,1/28/2020,Elevate Nutrition Inc.,Elevate Nutrition,,"Healthcare, Fitness, Wellness, & Pharmaceuticals",Non-Tech,Growth,Seed,RegCF,,Equity - Common,,,"$5,000,000",,,,5000000,#NAME?,Transactional,B2C,Life Style,Yes,Low,Low,No,,18300000000,#NAME?,18300000000,#NAME?,0.13,#NAME?,5-10,Low,Low,Similar to others,,,No,No,Yes,Yes,"$98,314",#NAME?,341,0,#NAME?,1,#NAME?,Profitable,,No,0,2,Yes,Yes,No,No,1,2,0,0,,3,0,35,No,,3,0,38,No,,,,,,,,,,,,,,,,,,,,,,,,,,,,,,,,,,,,,,,,,3.00,,0.00,,36.50,#NAME?,,#NAME?,,,,#NAME?,Equity - Common,32.2%,Growth,,#NAME?,#NAME?,#NAME?,#NAME?,No,,1.3,1.0,2.3,1.2,#NAME?,100%,2,46%,2,16%,Yes,28%,Yes,No,No,,Transactional,60%,B2C,41%,Low,47%,Low,41%,,5.0,#NAME?,#NAME?,#NAME?,#NAME?,#NAME?,Profitable,7%,,#NAME?,#NAME?,#NAME?,#NAME?,No,77%,0%,1%,0%,1%,,,#NAME?,#NAME?
,Dan,1792706,Smart Soda,11/01/2019 11:46 AM,StartEngine,https://www.startengine.com/smart-soda,https://www.sec.gov/Archives/edgar/data/1792706/000166516020000143/xslC_X01/primary_doc.xml,2/20/2020,"SmartSoda Holdings, Inc.",Smart Soda,,"Food, Beverage, & Restaurants",Non-Tech,Growth,Series A,RegCF,,Equity - Common,,,"$10,715,000",,,,10715000,#NAME?,Transactional,B2B/B2C,Life Style,Yes,High,Low,No,,7.39267E+11,#NAME?,2.48552E+11,#NAME?,0.04,#NAME?,> 50,Low,Low,Similar to others,,,No,No,Yes,Yes,"$276,616",#NAME?,1844,114028,#NAME?,0.016171467,#NAME?,Profitable,,Yes,1,2,Yes,Yes,No,No,2,5,0,0,,1,0,39,No,,8,0,,No,,,,,,,,,,,,,,,,,,,,,,,,,,,,,,,,,,,,,,,,,4.50,,0.00,,39.00,#NAME?,,#NAME?,,,,#NAME?,Equity - Common,32.2%,Growth,,#NAME?,#NAME?,#NAME?,#NAME?,No,,1.4,1.0,2.4,1.3,#NAME?,100%,2,46%,5,13%,Yes,28%,Yes,No,No,,Transactional,60%,B2B/B2C,28%,High,53%,Low,41%,,5.0,#NAME?,#NAME?,#NAME?,#NAME?,#NAME?,Profitable,7%,,#NAME?,#NAME?,#NAME?,#NAME?,No,77%,0%,1%,0%,1%,,,#NAME?,#NAME?
,Dan,1790042,The Lieu,11/04/2019 10:49 AM,Republic,https://republic.co/the-lieu,https://www.sec.gov/Archives/edgar/data/1790042/000179004220000002/xslC_X01/primary_doc.xml,2/25/2020,Lieu Ltd.,The Lieu,,"Healthcare, Fitness, Wellness, & Pharmaceuticals",Non-Tech,Early,Pre-Seed,RegCF,,SAFE,,,,"$5,000,000",10%,"$4,500,000",4500000,#NAME?,Recurring,B2B,Life Style,Yes,Low,Low,Yes,,57200000000,#NAME?,11390000000,#NAME?,0.08,#NAME?,< 5,High,High,Obviously better than others,,,Yes,No,Yes,Yes,"$1,893",#NAME?,0,0,#NAME?,1,#NAME?,Pre-Profit,,Yes,3,2,No,Yes,Yes,No,2,2,0,0,,0,0,31,No,,0,0,27,Yes,,,,,,,,,,,,,,,,,,,,,,,,,,,,,,,,,,,,,,,,,0.00,,0.00,,29.00,#NAME?,,#NAME?,2.1,,,#NAME?,SAFE,37.8%,Early,,#NAME?,#NAME?,#NAME?,#NAME?,Yes,,1.0,1.0,2.0,1.0,#NAME?,100%,2,46%,2,16%,No,72%,Yes,Yes,No,,Recurring,40%,B2B,24%,Low,47%,Low,41%,,5.0,#NAME?,#NAME?,#NAME?,#NAME?,#NAME?,Pre-Profit,51%,,#NAME?,#NAME?,#NAME?,#NAME?,No,77%,0%,1%,0%,1%,,,#NAME?,#NAME?
,Dan,1790042,Ember Fund,11/04/2019 10:54 AM,Republic,https://republic.co/ember-fund,https://www.sec.gov/Archives/edgar/data/1783580/000178358020000002/xslC_X01/primary_doc.xml,1/21/2020,Ember Fund LLC,Ember Fund,,Investmend Management,FinTech,Early,Seed,RegCF,,SAFE,,,,"$5,000,000",15%,"$4,250,000",4250000,#NAME?,Transactional,B2C,High Growth,Yes,High,Low,No,,697000000,#NAME?,697000000,#NAME?,0.05,#NAME?,< 5,Low,Low,Similar to others,,,No,No,Yes,Yes,"$1,710",#NAME?,2044,24902,#NAME?,0.082081761,#NAME?,Pre-Profit,,Yes,2,3,No,No,Yes,No,6,4,1,0,,0,1,33,Yes,,0,0,29,No,,0,0,31,No,,,,,,,,,,,,,,,,,,,,,,,,,,,,,,,,,,,,0.00,,1.00,,31.00,#NAME?,,#NAME?,2.6,,,#NAME?,SAFE,37.8%,Early,,#NAME?,#NAME?,#NAME?,#NAME?,No,,1.0,2.0,3.0,1.8,#NAME?,100%,3,4%,4,12%,No,72%,No,Yes,No,,Transactional,60%,B2C,41%,High,53%,Low,41%,,5.0,#NAME?,#NAME?,#NAME?,#NAME?,#NAME?,Pre-Profit,51%,,#NAME?,#NAME?,#NAME?,#NAME?,No,77%,0%,1%,0%,1%,,,#NAME?,#NAME?
,Dan,1789369,Provenance,11/05/2019 10:33 AM,Republic,https://republic.co/provenance,https://www.sec.gov/Archives/edgar/data/1789369/000178936920000001/xslC_X01/primary_doc.xml,2/11/2020,Clee Wellness LLC,Provenance,,Individual & Family Services,Non-Tech,Growth,Series A,RegCF,,SAFE,,,,"$5,000,000",20%,"$4,000,000",4000000,#NAME?,Recurring,B2C,Life Style,Yes,Low,Low,No,,2.40722E+11,#NAME?,67920000000,#NAME?,0.02,#NAME?,20-30,Low,Low,Obviously better than others,,,Yes,No,Yes,Yes,"$1,430,801",#NAME?,6336,0,#NAME?,1,#NAME?,Profitable,,Yes,0,1,Yes,Yes,Yes,No,2,8,0,0,,7,0,49,No,,,,,,,,,,,,,,,,,,,,,,,,,,,,,,,,,,,,,,,,,,,,,,7.00,,0.00,,49.00,#NAME?,,#NAME?,3.1,,,#NAME?,SAFE,37.8%,Growth,,#NAME?,#NAME?,#NAME?,#NAME?,Yes,,1.7,1.0,2.7,1.5,#NAME?,100%,1,46%,8,6%,Yes,28%,Yes,Yes,No,,Recurring,40%,B2C,41%,Low,47%,Low,41%,,5.0,#NAME?,#NAME?,#NAME?,#NAME?,#NAME?,Profitable,7%,,#NAME?,#NAME?,#NAME?,#NAME?,No,77%,0%,1%,0%,1%,,,#NAME?,#NAME?
,Dan,1706429,Wandering Barman,11/05/2019 10:39 AM,Republic,https://republic.co/wandering-barman,https://www.sec.gov/Archives/edgar/data/1706429/000170642920000001/xslC_X01/primary_doc.xml,2/28/2020,Wandering Barman LLC,Wandering Barman,,"Alcohol, Tobacco, & Recreational Drugs",Non-Tech,Early,Seed,RegCF,,SAFE,,,,"$5,000,000",20%,"$4,000,000",4000000,#NAME?,Transactional,B2B/B2C,Life Style,Yes,Low,Low,No,,1.142E+11,#NAME?,5100000000,#NAME?,0.03,#NAME?,5-10,Low,Low,Similar to others,,,No,No,Yes,Yes,"$75,515",#NAME?,323,104707,#NAME?,0.003084799,#NAME?,Profitable,,Yes,1,3,Yes,Yes,Yes,No,4,4,0,0,,0,0,30,No,,10,0,43,No,,9,0,43,No,,,,,,,,,,,,,,,,,,,,,,,,,,,,,,,,,,,,6.33,,0.00,,38.67,#NAME?,,#NAME?,3.1,,,#NAME?,SAFE,37.8%,Early,,#NAME?,#NAME?,#NAME?,#NAME?,No,,1.6,1.0,2.6,1.5,#NAME?,100%,3,4%,4,12%,Yes,28%,Yes,Yes,No,,Transactional,60%,B2B/B2C,28%,Low,47%,Low,41%,,5.0,#NAME?,#NAME?,#NAME?,#NAME?,#NAME?,Profitable,7%,,#NAME?,#NAME?,#NAME?,#NAME?,No,77%,0%,1%,0%,1%,,,#NAME?,#NAME?
,Dan,1792908,Apotheka Systems,11/07/2019 11:09 AM,Fundopolis,https://fundopolis.com/raisedetails?id=9cb5cc21-8150-4f49-b910-ddd18591159e,https://www.sec.gov/Archives/edgar/data/1792908/000164460019000029/xslC_X01/primary_doc.xml,11/19/2019,Apotheka Systems Inc.,,,"Healthcare, Fitness, Wellness, & Pharmaceuticals",MedTech,Early,Pre-Seed,RegCF,,Equity - Common,,,"$10,000,000",,,,10000000,#NAME?,Recurring,B2B,High Growth,Yes,High,Low,No,,14664000000,#NAME?,14664000000,#NAME?,0.06,#NAME?,20-30,Low,Low,Similar to others,,,No,Yes,Yes,No,$0,#NAME?,0,0,#NAME?,1,#NAME?,Pre-Revenue,,No,0,1,Yes,No,Yes,No,3,14,0,0,,10,0,38,Yes,,,,,,,,,,,,,,,,,,,,,,,,,,,,,,,,,,,,,,,,,,,,,,10.00,,0.00,,38.00,#NAME?,,#NAME?,,,,#NAME?,Equity - Common,32.2%,Early,,#NAME?,#NAME?,#NAME?,#NAME?,No,,2.0,1.0,3.0,1.7,#NAME?,100%,1,46%,14,3%,Yes,28%,No,Yes,No,,Recurring,40%,B2B,24%,High,53%,Low,41%,,3.0,#NAME?,#NAME?,#NAME?,#NAME?,#NAME?,Pre-Revenue,20%,,#NAME?,#NAME?,#NAME?,#NAME?,Yes,23%,0%,1%,0%,1%,,,#NAME?,#NAME?
,Dan,1730695,Ternio BlockCard,11/08/2019 9:57 AM,Republic,https://republic.co/ternio,https://www.sec.gov/Archives/edgar/data/1730695/000173069519000005/xslC_X01/primary_doc.xml,11/19/2019,"Ternio, LLC",Ternio BlockCard,,Financial & Insurance Products & Services,FinTech,Growth,Seed,RegCF,,SAFE,,,,"$15,000,000",20%,"$12,000,000",12000000,#NAME?,Recurring,B2C,High Growth,Yes,High,Low,No,,66000000000,#NAME?,66000000000,#NAME?,0.11,#NAME?,5-10,Low,Low,Similar to others,,,No,Yes,Yes,Yes,"$1,201,406",#NAME?,4539,0,#NAME?,1,#NAME?,Profitable,,Yes,1,2,Yes,No,No,No,1,17,0,0,,2,0,37,No,,2,0,33,No,,,,,,,,,,,,,,,,,,,,,,,,,,,,,,,,,,,,,,,,,2.00,,0.00,,35.00,#NAME?,,#NAME?,3.1,,,#NAME?,SAFE,37.8%,Growth,,#NAME?,#NAME?,#NAME?,#NAME?,No,,1.2,1.0,2.2,1.1,#NAME?,100%,2,46%,17,0%,Yes,28%,No,No,No,,Recurring,40%,B2C,41%,High,53%,Low,41%,,5.0,#NAME?,#NAME?,#NAME?,#NAME?,#NAME?,Profitable,7%,,#NAME?,#NAME?,#NAME?,#NAME?,Yes,23%,0%,1%,0%,1%,,,#NAME?,#NAME?
,Dan,1764730,Sweetberry,11/11/2019 10:01 AM,Republic,https://republic.co/sweetberry,https://www.sec.gov/Archives/edgar/data/1764730/000173069519000004/xslC_X01/primary_doc.xml,11/8/2019,Sweetberry Holdings LLC,Sweetberry,,"Food, Beverage, & Restaurants",Non-Tech,Growth,Seed,RegCF,,SAFE,,,,"$9,000,000",20%,"$7,200,000",7200000,#NAME?,Transactional,B2C,Life Style,Yes,Low,Low,No,,59400000000,#NAME?,59400000000,#NAME?,0.08,#NAME?,5-10,Low,Low,Similar to others,,,No,No,Yes,Yes,"$2,089,477",#NAME?,44417,1045000,#NAME?,0.042504306,#NAME?,Pre-Profit,,No,0,1,Yes,No,Yes,No,2,5,0,0,,2,0,35,No,,,,,,,,,,,,,,,,,,,,,,,,,,,,,,,,,,,,,,,,,,,,,,2.00,,0.00,,35.00,#NAME?,,#NAME?,3.1,,,#NAME?,SAFE,37.8%,Growth,,#NAME?,#NAME?,#NAME?,#NAME?,No,,1.2,1.0,2.2,1.1,#NAME?,100%,1,46%,5,13%,Yes,28%,No,Yes,No,,Transactional,60%,B2C,41%,Low,47%,Low,41%,,5.0,#NAME?,#NAME?,#NAME?,#NAME?,#NAME?,Pre-Profit,51%,,#NAME?,#NAME?,#NAME?,#NAME?,No,77%,0%,1%,0%,1%,,,#NAME?,#NAME?
,Dan,1788672,Lon & George,11/11/2019 2:07 PM,WeFunder,https://wefunder.com/leonandgeorge,https://www.sec.gov/Archives/edgar/data/1788672/000167025419000635/xslC_X01/primary_doc.xml,10/29/2019,"Leon & George, Inc.",Leon & George,,Internet,Non-Tech,Growth,Series A,RegCF,,SAFE,,,,"$9,000,000",0%,"$9,000,000",9000000,#NAME?,Transactional,B2B/B2C,Life Style,Yes,Low,Low,Yes,,50600000000,#NAME?,50600000000,#NAME?,0.02,#NAME?,< 5,Low,Low,Similar to others,,,Yes,No,Yes,Yes,"$1,349,052",#NAME?,14780,570230,#NAME?,0.025919366,#NAME?,Pre-Profit,,No,0,2,Yes,No,No,No,5,5,0,0,,3,0,30,No,,3,0,34,No,,,,,,,,,,,,,,,,,,,,,,,,,,,,,,,,,,,,,,,,,3.00,,0.00,,32.00,#NAME?,,#NAME?,1.0,,,#NAME?,SAFE,37.8%,Growth,,#NAME?,#NAME?,#NAME?,#NAME?,Yes,,1.3,1.0,2.3,1.2,#NAME?,100%,2,46%,5,13%,Yes,28%,No,No,No,,Transactional,60%,B2B/B2C,28%,Low,47%,Low,41%,,5.0,#NAME?,#NAME?,#NAME?,#NAME?,#NAME?,Pre-Profit,51%,,#NAME?,#NAME?,#NAME?,#NAME?,No,77%,0%,1%,0%,1%,,,#NAME?,#NAME?
,Dan,1793349,Growing Talent,11/12/2019 4:15 PM,Republic,https://republic.co/growing-talent,https://www.sec.gov/Archives/edgar/data/1793349/000179334920000001/xslC_X01/primary_doc.xml,2/5/2020,Growing Talent LLC,Growing Talent,,"Alcohol, Tobacco, & Recreational Drugs",EnterpriseTech,Early,Pre-Seed,RegCF,,SAFE,,,,"$3,750,000",20%,"$3,000,000",3000000,#NAME?,Recurring,B2B,Life Style,Yes,High,Low,No,,2E+11,#NAME?,14815000000,#NAME?,0.15,#NAME?,10-20,High,High,Obviously better than others,,,No,No,No,No,$0,#NAME?,0,0,#NAME?,1,#NAME?,Pre-Product,,Yes,1,1,Yes,No,Yes,No,1,6,0,0,,4,0,27,No,,,,,,,,,,,,,,,,,,,,,,,,,,,,,,,,,,,,,,,,,,,,,,4.00,,0.00,,27.00,#NAME?,,#NAME?,3.1,,,#NAME?,SAFE,37.8%,Early,,#NAME?,#NAME?,#NAME?,#NAME?,No,,1.4,1.0,2.4,1.3,#NAME?,100%,1,46%,6,6%,Yes,28%,No,Yes,No,,Recurring,40%,B2B,24%,High,53%,Low,41%,,1.0,#NAME?,#NAME?,#NAME?,#NAME?,#NAME?,Pre-Product,22%,,#NAME?,#NAME?,#NAME?,#NAME?,No,77%,0%,1%,0%,1%,,,#NAME?,#NAME?
,Dan,1789840,Pressure Games,11/12/2019 4:30 PM,WeFunder,https://wefunder.com/pressure.games,https://www.sec.gov/Archives/edgar/data/1789840/000167025419000610/xslC_X01/primary_doc.xml,10/24/2019,"Pressure Games, Inc.",Pressure Games,,Consumer Elecronics,EdTech,Early,Seed,RegCF,,Convertible Note,,,,"$3,500,000",20%,"$2,800,000",2800000,#NAME?,,B2B/B2C,Life Style,Yes,Low,Low,No,,5700000000,#NAME?,5700000000,#NAME?,0.19,#NAME?,20-30,Low,Low,Similar to others,,,No,Yes,Yes,Yes,$300,#NAME?,5784,93618,#NAME?,0.06178299,#NAME?,Pre-Profit,,Yes,4,1,No,No,No,No,2,3,1,0,,0,0,41,Yes,,,,,,,,,,,,,,,,,,,,,,,,,,,,,,,,,,,,,,,,,,,,,,0.00,,0.00,,41.00,#NAME?,,#NAME?,3.1,,,#NAME?,Convertible Note,13.3%,Early,,#NAME?,#NAME?,#NAME?,#NAME?,No,,1.0,1.0,2.0,1.0,#NAME?,100%,1,46%,3,9%,No,72%,No,No,No,,0,0%,B2B/B2C,28%,Low,47%,Low,41%,,5.0,#NAME?,#NAME?,#NAME?,#NAME?,#NAME?,Pre-Profit,51%,,#NAME?,#NAME?,#NAME?,#NAME?,Yes,23%,0%,1%,0%,1%,,,#NAME?,#NAME?
,Dan,1776303,AppApp,11/14/2019 9:51 AM,WeFunder,https://wefunder.com/appappinc,https://www.sec.gov/Archives/edgar/data/1776303/000167025419000633/xslC_X01/primary_doc.xml,10/29/2019,"App App, Inc.",AppApp,,"Food, Beverage, & Restaurants",FoodTech,Early,Seed,RegCF,,SAFE,,,,"$6,750,000",0%,"$6,750,000",6750000,#NAME?,Recurring,B2B/B2C,High Growth,Yes,High,Low,No,,3.015E+12,#NAME?,3.015E+12,#NAME?,0.04,#NAME?,< 5,High,High,Obviously better than others,,,No,No,Yes,Yes,"$2,332",#NAME?,24799,286233,#NAME?,0.086639207,#NAME?,Pre-Profit,,Yes,90,2,Yes,No,No,No,3,4,0,0,,1,0,32,No,,3,2,33,No,,,,,,,,,,,,,,,,,,,,,,,,,,,,,,,,,,,,,,,,,2.00,,2.00,,32.50,#NAME?,,#NAME?,1.0,,,#NAME?,SAFE,37.8%,Early,,#NAME?,#NAME?,#NAME?,#NAME?,No,,1.2,3.0,4.2,2.7,#NAME?,100%,2,46%,4,12%,Yes,28%,No,No,No,,Recurring,40%,B2B/B2C,28%,High,53%,Low,41%,,5.0,#NAME?,#NAME?,#NAME?,#NAME?,#NAME?,Pre-Profit,51%,,#NAME?,#NAME?,#NAME?,#NAME?,No,77%,0%,1%,0%,1%,,,#NAME?,#NAME?
,Dan,1654300,ChoiceTrade,11/15/2019 9:25 AM,WunderFund,https://wunderfund.co/projects/choicetrade/,https://www.sec.gov/Archives/edgar/data/1654300/000165430020000002/xslC_X01/primary_doc.xml,02/25/2020,"ChoiceTrade Holdings, Inc.",ChoiceTrade,,Financial & Insurance Products & Services,FinTech,Growth,Series A,RegCF,,Equity - Common,,,"$31,535,500",,,,31535500,#NAME?,Transactional,B2C,High Growth,Yes,High,Low,No,,13060000000,#NAME?,13060000000,#NAME?,0.05,#NAME?,10-20,Low,Low,Similar to others,,,No,No,Yes,Yes,"$927,143",#NAME?,7645,1476214,#NAME?,0.005178788,#NAME?,Pre-Profit,,No,0,2,Yes,No,No,No,0,8,0,0,,20,0,42,No,,20,0,,No,,,,,,,,,,,,,,,,,,,,,,,,,,,,,,,,,,,,,,,,,20.00,,0.00,,42.00,#NAME?,,#NAME?,,,,#NAME?,Equity - Common,32.2%,Growth,,#NAME?,#NAME?,#NAME?,#NAME?,No,,2.9,1.0,3.9,2.5,#NAME?,100%,2,46%,8,6%,Yes,28%,No,No,No,,Transactional,60%,B2C,41%,High,53%,Low,41%,,5.0,#NAME?,#NAME?,#NAME?,#NAME?,#NAME?,Pre-Profit,51%,,#NAME?,#NAME?,#NAME?,#NAME?,No,77%,0%,1%,0%,1%,,,#NAME?,#NAME?
,Dan,1794263,Journify,11/15/2019 1:29 PM,Razitall,https://www.razitall.com/pitch/journify-wellbeing-coaching-burnout-prevention,https://www.sec.gov/Archives/edgar/data/1794263/000166828719000065/xslC_X01/primary_doc.xml,11/15/2019,"Journify, Inc.",Journify,,"Healthcare, Fitness, Wellness, & Pharmaceuticals",HealthTech,Early,Pre-Seed,RegCF,,CAFES,,,,"$3,666,666",0%,"$3,666,666",3666666,#NAME?,Transactional,B2B/B2C,Life Style,Yes,High,Low,No,,57200000000,#NAME?,11390000000,#NAME?,0.08,#NAME?,20-30,Low,Low,Similar to others,,,Yes,No,Yes,No,$0,#NAME?,0,0,#NAME?,1,#NAME?,Pre-Revenue,,Yes,2,2,No,Yes,No,No,6,2,1,0,,0,0,34,Yes,,0,0,32,Yes,,,,,,,,,,,,,,,,,,,,,,,,,,,,,,,,,,,,,,,,,0.00,,0.00,,33.00,#NAME?,,#NAME?,1.0,,,#NAME?,CAFES,10.0%,Early,,#NAME?,#NAME?,#NAME?,#NAME?,Yes,,1.0,1.0,2.0,1.0,#NAME?,100%,2,46%,2,16%,No,72%,Yes,No,No,,Transactional,60%,B2B/B2C,28%,High,53%,Low,41%,,3.0,#NAME?,#NAME?,#NAME?,#NAME?,#NAME?,Pre-Revenue,20%,,#NAME?,#NAME?,#NAME?,#NAME?,No,77%,0%,1%,0%,1%,,,#NAME?,#NAME?
,Dan,1398488,Stemsation,11/18/2019 10:17 AM,NetCapital,https://netcapital.com/companies/stemsation,https://www.sec.gov/Archives/edgar/data/1398488/000166919120000092/xslC_X01/primary_doc.xml,3/2/2020,"StemSation International, Inc.",StemSation,,"Healthcare, Fitness, Wellness, & Pharmaceuticals",Non-Tech,Early,Seed,RegCF,,Equity - Common,,,"$9,497,442",,,,9497442,#NAME?,Transactional,B2B/B2C,Life Style,Yes,Low,Low,No,,1.861E+11,#NAME?,1.861E+11,#NAME?,0.09,#NAME?,> 50,Low,Low,Similar to others,,,No,No,Yes,Yes,$0,#NAME?,2465,953579,#NAME?,0.002584998,#NAME?,Pre-Revenue,,No,0,1,Yes,No,No,No,1,5,1,0,,14,0,52,No,,,,,,,,,,,,,,,,,,,,,,,,,,,,,,,,,,,,,,,,,,,,,,14.00,,0.00,,52.00,#NAME?,,#NAME?,,,,#NAME?,Equity - Common,32.2%,Early,,#NAME?,#NAME?,#NAME?,#NAME?,No,,2.3,1.0,3.3,2.0,#NAME?,100%,1,46%,5,13%,Yes,28%,No,No,No,,Transactional,60%,B2B/B2C,28%,Low,47%,Low,41%,,5.0,#NAME?,#NAME?,#NAME?,#NAME?,#NAME?,Pre-Revenue,20%,,#NAME?,#NAME?,#NAME?,#NAME?,No,77%,0%,1%,0%,1%,,,#NAME?,#NAME?
,Dan,1787611,Attorney Et Al,11/18/2019 10:28 AM,NetCapital,https://netcapital.com/companies/attorney-et-al,https://www.sec.gov/Archives/edgar/data/1787611/000166919120000047/xslC_X01/primary_doc.xml,2/10/2020,"Attorney Et Al, Inc.",Attorney Et Al,,Legal Services,LegalTech,Early,Pre-Seed,RegCF,,Equity - Common,,,"$10,000,000",,,,10000000,#NAME?,Transactional,B2B,High Growth,Yes,High,Low,No,,1224000000,#NAME?,1224000000,#NAME?,0.07,#NAME?,30-40,Low,Low,Similar to others,,,No,No,Yes,No,$0,#NAME?,833,10000,#NAME?,0.0833,#NAME?,Pre-Revenue,,No,0,1,Yes,No,No,No,5,5,0,0,,41,0,67,No,,,,,,,,,,,,,,,,,,,,,,,,,,,,,,,,,,,,,,,,,,,,,,41.00,,0.00,,67.00,#NAME?,,#NAME?,,,,#NAME?,Equity - Common,32.2%,Early,,#NAME?,#NAME?,#NAME?,#NAME?,No,,4.9,1.0,5.9,4.1,#NAME?,100%,1,46%,5,13%,Yes,28%,No,No,No,,Transactional,60%,B2B,24%,High,53%,Low,41%,,3.0,#NAME?,#NAME?,#NAME?,#NAME?,#NAME?,Pre-Revenue,20%,,#NAME?,#NAME?,#NAME?,#NAME?,No,77%,0%,1%,0%,1%,,,#NAME?,#NAME?
,Dan,1793384,Bee Mortgage App,11/18/2019 11:19 AM,Fundopolis,https://fundopolis.com/raisedetails?id=aa091a32-310e-4491-9f4f-ca7a340b643a,https://www.sec.gov/Archives/edgar/data/1793384/000164460019000027/xslC_X01/primary_doc.xml,11/19/2019,"Bee Mortgage App, Inc.",,,Real Estate & Construction,FinTech,Early,Pre-Seed,RegCF,,Equity - Common,,,"$5,000,000",,,,5000000,#NAME?,Transactional,B2B/B2C,Life Style,Yes,Low,Low,No,,9.2E+12,#NAME?,53940000000,#NAME?,0.17,#NAME?,20-30,Low,Low,Obviously better than others,,,No,Yes,No,No,$0,#NAME?,0,87700,#NAME?,1,#NAME?,Pre-Product,,No,0,9,Yes,Yes,Yes,No,12,10,1,0,,3,0,42,No,,0,0,34,No,,0,0,39,No,,0,0,40,No,,0,0,39,No,,,0,0,31,No,,0,0,0,,No,,0,0,0,49,,,13,0,0,39,No,,8.67,,0.00,,24.25,#NAME?,,#NAME?,,,,#NAME?,Equity - Common,32.2%,Early,,#NAME?,#NAME?,#NAME?,#NAME?,No,,1.8,1.0,2.8,1.6,#NAME?,100%,9,0%,10,2%,Yes,28%,Yes,Yes,No,,Transactional,60%,B2B/B2C,28%,Low,47%,Low,41%,,1.0,#NAME?,#NAME?,#NAME?,#NAME?,#NAME?,Pre-Product,22%,,#NAME?,#NAME?,#NAME?,#NAME?,Yes,23%,0%,1%,0%,1%,,,#NAME?,#NAME?
,Dan,1794562,Peeka VR,11/19/2019 11:13 AM,Fundopolis,https://fundopolis.com/raisedetails?id=44bcab46-eae2-4662-acd1-f01b84d958ff,https://www.sec.gov/Archives/edgar/data/1794562/000178043920000007/xslC_X01/primary_doc.xml,02/28/2020,Peeka,,,"Education, Training, & Coaching",EdTech,Early,Seed,RegCF,,Equity - Common,,,"$3,900,000",,,,3900000,#NAME?,Transactional,B2C,High Growth,Yes,High,Low,No,,1.9E+11,#NAME?,76000000000,#NAME?,0.07,#NAME?,< 5,High,High,Obviously better than others,,,No,No,Yes,Yes,"$17,130",#NAME?,1627,63078,#NAME?,0.025793462,#NAME?,Pre-Profit,,No,0,2,No,No,Yes,No,1,10,0,0,,0,0,27,No,,0,0,27,No,,,,,,,,,,,,,,,,,,,,,,,,,,,,,,,,,,,,,,,,,0.00,,0.00,,27.00,#NAME?,,#NAME?,,,,#NAME?,Equity - Common,32.2%,Early,,#NAME?,#NAME?,#NAME?,#NAME?,No,,1.0,1.0,2.0,1.0,#NAME?,100%,2,46%,10,2%,No,72%,No,Yes,No,,Transactional,60%,B2C,41%,High,53%,Low,41%,,5.0,#NAME?,#NAME?,#NAME?,#NAME?,#NAME?,Pre-Profit,51%,,#NAME?,#NAME?,#NAME?,#NAME?,No,77%,0%,1%,0%,1%,,,#NAME?,#NAME?
,Dan,1787976,Blue Top Brand,11/19/2019 11:50 AM,NextSeed,https://www.nextseed.com/offerings/blue-top,https://www.sec.gov/Archives/edgar/data/1787976/000178797619000007/xslC_X01/primary_doc.xml,11/18/2019,"7 of Us, LLC",Blue Top Brand,,"Food, Beverage, & Restaurants",Non-Tech,Growth,Series A,RegCF,RegD 506(C),Equity - Preferred,,,"$9,985,000",,,,9985000,#NAME?,Transactional,B2B/B2C,Life Style,Yes,Low,Low,No,,2290000000,#NAME?,1500000000,#NAME?,0.04,#NAME?,> 50,Low,Low,Similar to others,,,No,No,Yes,Yes,"$1,057,318",#NAME?,53254,0,#NAME?,1,#NAME?,Pre-Profit,,No,0,1,Yes,No,No,No,0,10,1,0,,29,0,42,No,,,,,,,,,,,,,,,,,,,,,,,,,,,,,,,,,,,,,,,,,,,,,,29.00,,0.00,,42.00,#NAME?,,#NAME?,,,,#NAME?,Equity - Preferred,6.7%,Growth,,#NAME?,#NAME?,#NAME?,#NAME?,No,,3.8,1.0,4.8,3.2,#NAME?,100%,1,46%,10,2%,Yes,28%,No,No,No,,Transactional,60%,B2B/B2C,28%,Low,47%,Low,41%,,5.0,#NAME?,#NAME?,#NAME?,#NAME?,#NAME?,Pre-Profit,51%,,#NAME?,#NAME?,#NAME?,#NAME?,No,77%,0%,1%,0%,1%,,,#NAME?,#NAME?
,Dan,1791378,LYFETYMES,11/20/2019 10:13 AM,WeFunder,https://wefunder.com/lyfetymes,https://www.sec.gov/Archives/edgar/data/1791378/000167025419000617/xslC_X01/primary_doc.xml,10/25/2019,LT Celebrations LLC,LYFETYMES,,Events Services,CommerceTech,Early,Seed,RegCF,,SAFE,,,,"$6,750,000",0%,"$6,750,000",6750000,#NAME?,Transactional,B2B/B2C,High Growth,Yes,High,Low,No,,1.3383E+12,#NAME?,1.3383E+12,#NAME?,0.1,#NAME?,30-40,Low,Low,Similar to others,,,No,No,Yes,No,$0,#NAME?,2934,50000,#NAME?,0.05868,#NAME?,Pre-Revenue,,No,0,1,No,Yes,No,No,0,2,0,0,,0,0,42,No,,,,,,,,,,,,,,,,,,,,,,,,,,,,,,,,,,,,,,,,,,,,,,0.00,,0.00,,42.00,#NAME?,,#NAME?,1.0,,,#NAME?,SAFE,37.8%,Early,,#NAME?,#NAME?,#NAME?,#NAME?,No,,1.0,1.0,2.0,1.0,#NAME?,100%,1,46%,2,16%,No,72%,Yes,No,No,,Transactional,60%,B2B/B2C,28%,High,53%,Low,41%,,3.0,#NAME?,#NAME?,#NAME?,#NAME?,#NAME?,Pre-Revenue,20%,,#NAME?,#NAME?,#NAME?,#NAME?,No,77%,0%,1%,0%,1%,,,#NAME?,#NAME?
,Dan,1794484,Alpha'a,12/16/2019 10:55 AM,Republic,https://republic.co/alpha-a,https://www.sec.gov/Archives/edgar/data/1794484/000179448420000001/xslC_X01/primary_doc.xml,02/10/2020,"Alpha'a, Inc.",Alpha'a,,Furniture,FashionTech,Early,Seed,RegCF,,SAFE,,,,"$8,000,000",0%,"$8,000,000",8000000,#NAME?,Transactional,B2B/B2C,Life Style,Yes,High,Low,No,,55220000000,#NAME?,13600000000,#NAME?,0.05,#NAME?,10-20,Low,Low,Similar to others,,,No,No,Yes,Yes,"$105,758",#NAME?,1978,600000,#NAME?,0.003296667,#NAME?,Pre-Profit,,Yes,4,3,Yes,Yes,Yes,No,5,3,0,0,,7,0,30,No,,7,0,31,No,,0,0,38,No,,,,,,,,,,,,,,,,,,,,,,,,,,,,,,,,,,,,4.67,,0.00,,33.00,#NAME?,,#NAME?,1.0,,,#NAME?,SAFE,37.8%,Early,,#NAME?,#NAME?,#NAME?,#NAME?,No,,1.4,1.0,2.4,1.3,#NAME?,100%,3,4%,3,9%,Yes,28%,Yes,Yes,No,,Transactional,60%,B2B/B2C,28%,High,53%,Low,41%,,5.0,#NAME?,#NAME?,#NAME?,#NAME?,#NAME?,Pre-Profit,51%,,#NAME?,#NAME?,#NAME?,#NAME?,No,77%,0%,1%,0%,1%,,,#NAME?,#NAME?
,Dan,1791125,VegasWinners,12/16/2019 11:03 AM,StartEngine,https://www.startengine.com/vegaswinners,https://www.sec.gov/Archives/edgar/data/1791125/000166516020000246/xslC_X01/primary_doc.xml,03/17/2020,VegasWINNERS Inc.,VegasWinners,,Gambling & Casinos,EdTech,Early,Pre-Seed,RegCF,,Equity - Common,,,"$6,375,000",,,,6375000,#NAME?,Transactional,B2C,High Growth,Yes,High,Low,No,,1310000000,#NAME?,1310000000,#NAME?,0.27,#NAME?,10-20,Low,Low,Similar to others,,,No,No,Yes,Yes,"$11,877",#NAME?,6842,238214,#NAME?,0.028722073,#NAME?,Pre-Profit,,No,0,1,Yes,No,No,Yes,1,4,0,0,,42,0,58,Yes,,,,,,,,,,,,,,,,,,,,,,,,,,,,,,,,,,,,,,,,,,,,,,42.00,,0.00,,58.00,#NAME?,,#NAME?,,,,#NAME?,Equity - Common,32.2%,Early,,#NAME?,#NAME?,#NAME?,#NAME?,No,,5.0,1.0,6.0,4.1,#NAME?,100%,1,46%,4,12%,Yes,28%,No,No,Yes,,Transactional,60%,B2C,41%,High,53%,Low,41%,,5.0,#NAME?,#NAME?,#NAME?,#NAME?,#NAME?,Pre-Profit,51%,,#NAME?,#NAME?,#NAME?,#NAME?,No,77%,0%,1%,0%,1%,,,#NAME?,#NAME?
,Dan,1638850,XTI Aircraft,12/17/2019 10:19 AM,StartEngine,https://www.startengine.com/xti-aircraft,https://www.sec.gov/Archives/edgar/data/1638850/000166516020000244/xslC_X01/primary_doc.xml,3/17/2020,XTI Aircraft Co,XTI Aircraft,,Aviation and Aerospace,HardwareTech,Early,Series A,RegCF,,Equity - Common,,,"$51,470,577",,,,51470577,#NAME?,Transactional,B2B/B2C,Life Style,Yes,Low,High,No,,8.72E+11,#NAME?,25000000000,#NAME?,0.03,#NAME?,10-20,Low,Low,Similar to others,,,No,Yes,No,No,$0,#NAME?,316563,6595370,#NAME?,0.047997762,#NAME?,Pre-Product,,No,0,1,Yes,No,No,No,2,1,0,0,,15,0,71,No,,,,,,,,,,,,,,,,,,,,,,,,,,,,,,,,,,,,,,,,,,,,,,15.00,,0.00,,71.00,#NAME?,,#NAME?,,,,#NAME?,Equity - Common,32.2%,Early,,#NAME?,#NAME?,#NAME?,#NAME?,No,,2.4,1.0,3.4,2.1,#NAME?,100%,1,46%,1,8%,Yes,28%,No,No,No,,Transactional,60%,B2B/B2C,28%,Low,47%,High,59%,,1.0,#NAME?,#NAME?,#NAME?,#NAME?,#NAME?,Pre-Product,22%,,#NAME?,#NAME?,#NAME?,#NAME?,Yes,23%,0%,1%,0%,1%,,,#NAME?,#NAME?
,Dan,1639681,BioCurity Pharmaceuticals,12/17/2019 10:22 AM,StartEngine,https://www.startengine.com/biocurity-pharmaceuticals-inc,https://www.sec.gov/Archives/edgar/data/1639681/000166516020000237/xslC_X01/primary_doc.xml,3/13/2020,BioCurity Pharmaceuticals Inc.,BioCurity Pharmaceuticals,,Pharmaceuticals,Non-Tech,Early,Series A,RegCF,,Equity - Preferred,,,"$34,019,537",,,,34019537,#NAME?,Transactional,B2B,High Growth,Yes,High,High,No,,363710000,#NAME?,82040000,#NAME?,0.04,#NAME?,5-10,Low,Low,Similar to others,,,No,Yes,No,No,$0,#NAME?,171652,6991019,#NAME?,0.024553216,#NAME?,Pre-Product,Phase I,No,0,2,Yes,Yes,Yes,No,4,2,0,0,,17,0,48,No,,0,0,55,No,,,,,,,,,,,,,,,,,,,,,,,,,,,,,,,,,,,,,,,,,8.50,,0.00,,51.50,#NAME?,,#NAME?,,,,#NAME?,Equity - Preferred,6.7%,Early,,#NAME?,#NAME?,#NAME?,#NAME?,No,,1.8,1.0,2.8,1.6,#NAME?,100%,2,46%,2,16%,Yes,28%,Yes,Yes,No,,Transactional,60%,B2B,24%,High,53%,High,59%,,1.0,#NAME?,#NAME?,#NAME?,#NAME?,#NAME?,Pre-Product,22%,,#NAME?,#NAME?,#NAME?,#NAME?,Yes,23%,0%,1%,0%,1%,,,#NAME?,#NAME?
,Dan,1790092,Sunu,12/18/2019 10:47 AM,Republic,https://republic.co/sunu,https://www.sec.gov/Archives/edgar/data/1790092/000179009219000004/xslC_X01/primary_doc.xml,12/18/2019,"Sunu, Inc.",Sunu,,"Healthcare, Fitness, Wellness, & Pharmaceuticals",MedTech,Growth,Series A,RegCF,,SAFE,,,,"$12,000,000",20%,"$9,600,000",9600000,#NAME?,Recurring,B2B/B2C,Life Style,Yes,High,Low,Yes,,4410000000,#NAME?,4410000000,#NAME?,0.08,#NAME?,5-10,High,Low,Obviously better than others,,,Yes,Yes,Yes,Yes,"$321,616",#NAME?,13815,870000,#NAME?,0.01587931,#NAME?,Pre-Profit,,Yes,47,2,Yes,No,Yes,No,4,12,4,0,,9,0,29,No,,6,0,44,Yes,,,,,,,,,,,,,,,,,,,,,,,,,,,,,,,,,,,,,,,,,7.50,,0.00,,36.50,#NAME?,,#NAME?,3.1,,,#NAME?,SAFE,37.8%,Growth,,#NAME?,#NAME?,#NAME?,#NAME?,Yes,,1.7,1.0,2.7,1.6,#NAME?,100%,2,46%,12,1%,Yes,28%,No,Yes,No,,Recurring,40%,B2B/B2C,28%,High,53%,Low,41%,,5.0,#NAME?,#NAME?,#NAME?,#NAME?,#NAME?,Pre-Profit,51%,,3.0,#NAME?,#NAME?,#NAME?,Yes,23%,0%,1%,0%,1%,,,#NAME?,#NAME?
,Dan,1791683,Skunk Brothers Spirits,12/18/2019 10:59 AM,StartEngine,https://www.startengine.com/skunk-brothers,https://www.sec.gov/Archives/edgar/data/1791683/000166516020000141/xslC_X01/primary_doc.xml,2/20/2020,Skunk Brothers Spirits Inc.,Skunk Brothers Spirits,,"Alcohol, Tobacco, & Recreational Drugs",Non-Tech,Early,Seed,RegCF,,Equity - Common,,,"$4,500,000",,,,4500000,#NAME?,Transactional,B2B/B2C,Life Style,Yes,Low,Low,No,,1.142E+11,#NAME?,27600000000,#NAME?,0.03,#NAME?,> 50,Low,Low,Similar to others,,,No,No,Yes,Yes,"$75,633",#NAME?,4850,240655,#NAME?,0.020153332,#NAME?,Pre-Profit,,No,0,1,Yes,No,No,No,0,7,0,0,,7,0,44,No,,,,,,,,,,,,,,,,,,,,,,,,,,,,,,,,,,,,,,,,,,,,,,7.00,,0.00,,44.00,#NAME?,,#NAME?,,,,#NAME?,Equity - Common,32.2%,Early,,#NAME?,#NAME?,#NAME?,#NAME?,No,,1.7,1.0,2.7,1.5,#NAME?,100%,1,46%,7,4%,Yes,28%,No,No,No,,Transactional,60%,B2B/B2C,28%,Low,47%,Low,41%,,5.0,#NAME?,#NAME?,#NAME?,#NAME?,#NAME?,Pre-Profit,51%,,#NAME?,#NAME?,#NAME?,#NAME?,No,77%,0%,1%,0%,1%,,,#NAME?,#NAME?
,Dan,1662905,Airemos,12/18/2019 11:04 AM,StartEngine,https://www.startengine.com/airemos,https://www.sec.gov/Archives/edgar/data/1662905/000166516019001205/xslC_X01/primary_doc.xml,12/17/2019,Airemos Corp,Airemos,,Events Services,Non-Tech,Early,Seed,RegCF,,Equity - Common,,,"$7,500,000",,,,7500000,#NAME?,Transactional,B2B/B2C,Life Style,Yes,Low,Low,No,,3210000000,#NAME?,3210000000,#NAME?,0.03,#NAME?,5-10,High,Low,Obviously better than others,,,No,Yes,Yes,Yes,"$300,244",#NAME?,2778,224685,#NAME?,0.012363976,#NAME?,Pre-Profit,,Yes,0,1,Yes,No,No,No,2,1,4,0,,7,0,36,No,,,,,,,,,,,,,,,,,,,,,,,,,,,,,,,,,,,,,,,,,,,,,,7.00,,0.00,,36.00,#NAME?,,#NAME?,,,,#NAME?,Equity - Common,32.2%,Early,,#NAME?,#NAME?,#NAME?,#NAME?,No,,1.7,1.0,2.7,1.5,#NAME?,100%,1,46%,1,8%,Yes,28%,No,No,No,,Transactional,60%,B2B/B2C,28%,Low,47%,Low,41%,,5.0,#NAME?,#NAME?,#NAME?,#NAME?,#NAME?,Pre-Profit,51%,,3.0,#NAME?,#NAME?,#NAME?,Yes,23%,0%,1%,0%,1%,,,#NAME?,#NAME?
,Dan,1709628,Cloudastructure,12/18/2019 11:15 AM,WeFunder,https://wefunder.com/cloudastructure,https://www.sec.gov/Archives/edgar/data/1709628/000167025419000638/xslC_X01/primary_doc.xml,10/30/2019,"Cloudastructure, Inc.",Cloudastructure,,Computer & Network Security,EnterpriseTech,Early,Series A,RegCF,,SAFE,,,,"$10,000,000",20%,"$8,000,000",8000000,#NAME?,Recurring,B2B,High Growth,Yes,High,Low,Yes,,25570000000,#NAME?,25570000000,#NAME?,0.12,#NAME?,40-50,Low,Low,Similar to others,,,No,No,Yes,Yes,"$130,000",#NAME?,69750,2396006,#NAME?,0.029110945,#NAME?,Pre-Profit,,Yes,2,1,Yes,No,No,No,2,2,0,0,,22,1,52,Yes,,,,,,,,,,,,,,,,,,,,,,,,,,,,,,,,,,,,,,,,,,,,,,22.00,,1.00,,52.00,#NAME?,,#NAME?,3.1,,,#NAME?,SAFE,37.8%,Early,,#NAME?,#NAME?,#NAME?,#NAME?,No,,3.1,2.0,5.1,3.4,#NAME?,100%,1,46%,2,16%,Yes,28%,No,No,No,,Recurring,40%,B2B,24%,High,53%,Low,41%,,5.0,#NAME?,#NAME?,#NAME?,#NAME?,#NAME?,Pre-Profit,51%,,#NAME?,#NAME?,#NAME?,#NAME?,No,77%,0%,1%,0%,1%,,,#NAME?,#NAME?
,Dan,1786194,SitTight,12/19/2019 11:54 AM,StartEngine,https://www.startengine.com/sittight-inc,https://www.sec.gov/Archives/edgar/data/1786194/000166516019001253/xslC_X01/primary_doc.xml,12/30/2019,"SitTight, Inc.",SitTight,,"Healthcare, Fitness, Wellness, & Pharmaceuticals",HealthTech,Growth,Series A,RegCF,,Equity - Common,,,"$14,000,000",,,,14000000,#NAME?,Transactional,B2B/B2C,Life Style,Yes,Low,Low,No,,1740000000,#NAME?,1740000000,#NAME?,0.1,#NAME?,10-20,High,Low,Similar to others,,,Yes,Yes,Yes,Yes,"$127,134",#NAME?,7033,288392,#NAME?,0.024386946,#NAME?,Pre-Profit,,Yes,0,1,Yes,No,No,No,1,4,4,0,,6,1,58,No,,,,,,,,,,,,,,,,,,,,,,,,,,,,,,,,,,,,,,,,,,,,,,6.00,,1.00,,58.00,#NAME?,,#NAME?,,,,#NAME?,Equity - Common,32.2%,Growth,,#NAME?,#NAME?,#NAME?,#NAME?,Yes,,1.6,2.0,3.6,2.2,#NAME?,100%,1,46%,4,12%,Yes,28%,No,No,No,,Transactional,60%,B2B/B2C,28%,Low,47%,Low,41%,,5.0,#NAME?,#NAME?,#NAME?,#NAME?,#NAME?,Pre-Profit,51%,,3.0,#NAME?,#NAME?,#NAME?,Yes,23%,0%,1%,0%,1%,,,#NAME?,#NAME?
,Dan,1790595,PaQu Tequila,12/19/2019 11:57 AM,StartEngine,https://www.startengine.com/paquitequila,https://www.sec.gov/Archives/edgar/data/1790595/000166516020000242/xslC_X01/primary_doc.xml,3/16/2020,"Tequila Holdings, Inc.",PaQu Tequila,,"Alcohol, Tobacco, & Recreational Drugs",Non-Tech,Early,Series A,RegCF,,Equity - Common,,,"$8,000,000",,,,8000000,#NAME?,Transactional,B2B/B2C,Life Style,Yes,Low,Low,No,,1.142E+11,#NAME?,27600000000,#NAME?,0.03,#NAME?,> 50,Low,Low,Similar to others,,,No,No,Yes,Yes,"$53,553",#NAME?,27516,1921581,#NAME?,0.014319459,#NAME?,Pre-Profit,,Yes,0,1,Yes,No,No,No,2,1,1,0,,35,0,61,Yes,,,,,,,,,,,,,,,,,,,,,,,,,,,,,,,,,,,,,,,,,,,,,,35.00,,0.00,,61.00,#NAME?,,#NAME?,,,,#NAME?,Equity - Common,32.2%,Early,,#NAME?,#NAME?,#NAME?,#NAME?,No,,4.3,1.0,5.3,3.6,#NAME?,100%,1,46%,1,8%,Yes,28%,No,No,No,,Transactional,60%,B2B/B2C,28%,Low,47%,Low,41%,,5.0,#NAME?,#NAME?,#NAME?,#NAME?,#NAME?,Pre-Profit,51%,,#NAME?,#NAME?,#NAME?,#NAME?,No,77%,0%,1%,0%,1%,,,#NAME?,#NAME?
,Dan,1716174,Commerce.AI,12/20/2019 12:04 PM,StartEngine,https://www.startengine.com/commerceai,https://www.sec.gov/Archives/edgar/data/1716174/000166516020000131/xslC_X01/primary_doc.xml,02/14/2020,"Tall Idea Labs, Inc.",Commerce.AI,,Information Technology and Services,EnterpriseTech,Growth,Series A,RegCF,,Equity - Common,,,"$25,982,318",,,,25982318,#NAME?,Recurring,B2B,High Growth,Yes,High,Low,Yes,,24550000000,#NAME?,24550000000,#NAME?,0.1,#NAME?,> 50,Low,Low,Similar to others,,,No,Yes,Yes,Yes,"$356,000",#NAME?,21898,1552290,#NAME?,0.0141069,#NAME?,Pre-Profit,,Yes,8,4,Yes,Yes,Yes,No,7,7,0,0,,5,2,44,Yes,,3,0,33,Yes,,2,0,41,Yes,,5,0,30,Yes,,,,,,,,,,,,,,,,,,,,,,,,,,,,,,,3.75,,2.00,,37.00,#NAME?,,#NAME?,,,,#NAME?,Equity - Common,32.2%,Growth,,#NAME?,#NAME?,#NAME?,#NAME?,No,,1.4,3.0,4.4,2.9,#NAME?,100%,4,4%,7,4%,Yes,28%,Yes,Yes,No,,Recurring,40%,B2B,24%,High,53%,Low,41%,,5.0,#NAME?,#NAME?,#NAME?,#NAME?,#NAME?,Pre-Profit,51%,,#NAME?,#NAME?,#NAME?,#NAME?,Yes,23%,0%,1%,0%,1%,,,#NAME?,#NAME?
,Dan,1793635,HARA Flow,12/20/2019 12:08 PM,StartEngine,https://www.startengine.com/hara-flow,https://www.sec.gov/Archives/edgar/data/1793635/000166516020000241/xslC_X01/primary_doc.xml,3/16/2020,HARA Flow Inc.,HARA Flow,,"Alcohol, Tobacco, & Recreational Drugs",Non-Tech,Early,Seed,RegCF,,Equity - Common,,,"$12,304,998",,,,12304998,#NAME?,Recurring,B2B/B2C,Life Style,Yes,Low,Low,No,,2E+11,#NAME?,10200000000,#NAME?,0.19,#NAME?,> 50,Low,Low,Similar to others,,,No,No,Yes,Yes,"$179,360",#NAME?,1343,100000,#NAME?,0.01343,#NAME?,Profitable,,Yes,0,3,No,Yes,No,No,3,4,0,0,,0,0,29,No,,0,0,29,No,,0,0,,,,,,,,,,,,,,,,,,,,,,,,,,,,,,,,,,,,,,0.00,,0.00,,29.00,#NAME?,,#NAME?,,,,#NAME?,Equity - Common,32.2%,Early,,#NAME?,#NAME?,#NAME?,#NAME?,No,,1.0,1.0,2.0,1.0,#NAME?,100%,3,4%,4,12%,No,72%,Yes,No,No,,Recurring,40%,B2B/B2C,28%,Low,47%,Low,41%,,5.0,#NAME?,#NAME?,#NAME?,#NAME?,#NAME?,Profitable,7%,,#NAME?,#NAME?,#NAME?,#NAME?,No,77%,0%,1%,0%,1%,,,#NAME?,#NAME?
,Dan,1794075,SkillSoniq,12/20/2019 12:21 PM,WeFunder,https://wefunder.com/skillsoniq,https://www.sec.gov/Archives/edgar/data/1794075/000167025419000700/xslC_X01/primary_doc.xml,12/06/2019,SkillSoniq Inc.,SkillSoniq,,Management Consulting,EnterpriseTech,Early,Seed,RegCF,,SAFE,,,,"$5,500,000",0%,"$5,500,000",5500000,#NAME?,Recurring,B2B,Life Style,Yes,High,Low,No,,809800000,#NAME?,809800000,#NAME?,0.12,#NAME?,10-20,Low,Low,Similar to others,,,No,Yes,Yes,Yes,"$5,882",#NAME?,1673,170166,#NAME?,0.009831576,#NAME?,Pre-Profit,,Yes,1,1,No,No,Yes,No,3,1,3,0,,0,1,42,Yes,,,,,,,,,,,,,,,,,,,,,,,,,,,,,,,,,,,,,,,,,,,,,,0.00,,1.00,,42.00,#NAME?,,#NAME?,1.0,,,#NAME?,SAFE,37.8%,Early,,#NAME?,#NAME?,#NAME?,#NAME?,No,,1.0,2.0,3.0,1.8,#NAME?,100%,1,46%,1,8%,No,72%,No,Yes,No,,Recurring,40%,B2B,24%,High,53%,Low,41%,,5.0,#NAME?,#NAME?,#NAME?,#NAME?,#NAME?,Pre-Profit,51%,,#NAME?,#NAME?,#NAME?,#NAME?,Yes,23%,0%,1%,0%,1%,,,#NAME?,#NAME?
,Dan,1797125,Rumble Motors,12/23/2019 10:12 AM,StartEngine,https://www.startengine.com/rumblemotors,https://www.sec.gov/Archives/edgar/data/1797125/000166516020000254/xslC_X01/primary_doc.xml,03/19/2020,"Rumble Motors, Inc.",Rumble Motors,,Automotive,CleanTech,Growth,Seed,RegCF,,Equity - Common,,,"$12,000,000",,,,12000000,#NAME?,Transactional,B2B/B2C,Life Style,Yes,Low,Low,No,,13110000000,#NAME?,13110000000,#NAME?,0.13,#NAME?,10-20,Low,Low,Obviously better than others,,,Yes,No,Yes,Yes,"$353,000",#NAME?,15035,0,#NAME?,1,#NAME?,Profitable,,Yes,0,2,Yes,No,No,No,1,13,0,0,,0,0,42,No,,,,,,,,,,,,,,,,,,,,,,,,,,,,,,,,,,,,,,,,,,,,,,0.00,,0.00,,42.00,#NAME?,,#NAME?,,,,#NAME?,Equity - Common,32.2%,Growth,,#NAME?,#NAME?,#NAME?,#NAME?,Yes,,1.0,1.0,2.0,1.0,#NAME?,100%,2,46%,13,2%,Yes,28%,No,No,No,,Transactional,60%,B2B/B2C,28%,Low,47%,Low,41%,,5.0,#NAME?,#NAME?,#NAME?,#NAME?,#NAME?,Profitable,7%,,#NAME?,#NAME?,#NAME?,#NAME?,No,77%,0%,1%,0%,1%,,,#NAME?,#NAME?
,Dan,1681290,Prime Lightworks,12/23/2019 10:17 AM,StartEngine,https://www.startengine.com/primelightworks,https://www.sec.gov/Archives/edgar/data/1681290/000166516020000240/xslC_X01/primary_doc.xml,03/16/2020,Prime Lightworks Inc.,Prime Lightworks,,Defense & Space,HardwareTech,Early,Seed,RegCF,,Equity - Common,,,"$10,200,000",,,,10200000,#NAME?,Transactional,B2B,High Growth,Yes,High,High,Yes,,7591000000,#NAME?,1000000000,#NAME?,0.15,#NAME?,30-40,High,Low,Obviously worse than others,,,No,Yes,No,No,$0,#NAME?,49232,1800000,#NAME?,0.027351111,#NAME?,Pre-Product,,Yes,0,1,Yes,No,No,No,1,3,0,0,,7,0,31,Yes,,,,,,,,,,,,,,,,,,,,,,,,,,,,,,,,,,,,,,,,,,,,,,7.00,,0.00,,31.00,#NAME?,,#NAME?,,,,#NAME?,Equity - Common,32.2%,Early,,#NAME?,#NAME?,#NAME?,#NAME?,No,,1.7,1.0,2.7,1.5,#NAME?,100%,1,46%,3,9%,Yes,28%,No,No,No,,Transactional,60%,B2B,24%,High,53%,High,59%,,1.0,#NAME?,#NAME?,#NAME?,#NAME?,#NAME?,Pre-Product,22%,,3.0,#NAME?,#NAME?,#NAME?,Yes,23%,0%,1%,0%,1%,,,#NAME?,#NAME?
,Dan,1794140,CompanionCBD,12/23/2019 10:19 AM,StartEngine,https://www.startengine.com/companioncbd,https://www.sec.gov/Archives/edgar/data/1794140/000166516019001235/xslC_X01/primary_doc.xml,12/19/2019,"Companion CBD, Inc.",CompanionCBD,,"Alcohol, Tobacco, & Recreational Drugs",Non-Tech,Early,Seed,RegCF,,Equity - Common,,,"$3,900,000",,,,3900000,#NAME?,Transactional,B2B/B2C,Life Style,Yes,Low,Low,No,,149818000,#NAME?,149818000,#NAME?,0.53,#NAME?,30-40,Low,Low,Similar to others,,,No,No,Yes,yes,"$18,261",#NAME?,7556,238800,#NAME?,0.031641541,#NAME?,Pre-Profit,,No,0,2,Yes,No,No,No,3,3,0,0,,24,0,42,No,,20,0,46,No,,,,,,,,,,,,,,,,,,,,,,,,,,,,,,,,,,,,,,,,,22.00,,0.00,,44.00,#NAME?,,#NAME?,,,,#NAME?,Equity - Common,32.2%,Early,,#NAME?,#NAME?,#NAME?,#NAME?,No,,3.1,1.0,4.1,2.6,#NAME?,100%,2,46%,3,9%,Yes,28%,No,No,No,,Transactional,60%,B2B/B2C,28%,Low,47%,Low,41%,,5.0,#NAME?,#NAME?,#NAME?,#NAME?,#NAME?,Pre-Profit,51%,,#NAME?,#NAME?,#NAME?,#NAME?,No,77%,0%,1%,0%,1%,,,#NAME?,#NAME?
,Dan,1796599,Juna,12/27/2019 10:27 AM,Republic,https://republic.co/juna,https://www.sec.gov/Archives/edgar/data/1796599/000179659919000001/xslC_X01/primary_doc.xml,12/26/2019,Kind Collection Inc.,Juna,,"Alcohol, Tobacco, & Recreational Drugs",Non-Tech,Growth,Series A,RegCF,,SAFE,,,,"$4,000,000",20%,"$3,200,000",3200000,#NAME?,Transactional,B2B/B2C,Life Style,Yes,Low,Low,No,,2E+11,#NAME?,10200000000,#NAME?,0.19,#NAME?,> 50,Low,Low,Similar to others,,,No,No,Yes,Yes,"$161,134",#NAME?,2150,234080,#NAME?,0.009184894,#NAME?,Profitable,,Yes,0,2,Yes,Yes,No,No,3,2,1,0,,3,1,41,No,,1,1,34,Yes,,,,,,,,,,,,,,,,,,,,,,,,,,,,,,,,,,,,,,,,,2.00,,2.00,,37.50,#NAME?,,#NAME?,3.1,,,#NAME?,SAFE,37.8%,Growth,,#NAME?,#NAME?,#NAME?,#NAME?,No,,1.2,3.0,4.2,2.7,#NAME?,100%,2,46%,2,16%,Yes,28%,Yes,No,No,,Transactional,60%,B2B/B2C,28%,Low,47%,Low,41%,,5.0,#NAME?,#NAME?,#NAME?,#NAME?,#NAME?,Profitable,7%,,#NAME?,#NAME?,#NAME?,#NAME?,No,77%,0%,1%,0%,1%,,,#NAME?,#NAME?
,Dan,1769091,Rocket Dollar,12/30/2019 9:49 AM,Republic,https://republic.co/rocket-dollar,https://www.sec.gov/Archives/edgar/data/1769091/000176909119000003/xslC_X01/primary_doc.xml,12/27/2019,Rocket Dollar Inc.,Rocket Dollar,,Investmend Management,FinTech,Early,Series A,RegCF,,SAFE,,,,"$20,000,000",10%,"$18,000,000",18000000,#NAME?,Recurring,B2C,High Growth,Yes,High,Low,No,,2.98E+13,#NAME?,2.98E+13,#NAME?,0.11,#NAME?,> 50,High,High,Obviously better than others,,,No,No,Yes,Yes,"$50,895",#NAME?,117207,3711000,#NAME?,0.03158367,#NAME?,Pre-Profit,,Yes,1,4,Yes,No,Yes,No,12,14,1,0,,20,2,42,Yes,,2,0,36,Yes,,9,1,35,No,,2,0,27,Yes,,,,,,,,,,,,,,,,,,,,,,,,,,,,,,,8.25,,3.00,,35.00,#NAME?,,#NAME?,2.1,,,#NAME?,SAFE,37.8%,Early,,#NAME?,#NAME?,#NAME?,#NAME?,No,,1.8,4.0,5.8,4.0,#NAME?,100%,4,4%,14,3%,Yes,28%,No,Yes,No,,Recurring,40%,B2C,41%,High,53%,Low,41%,,5.0,#NAME?,#NAME?,#NAME?,#NAME?,#NAME?,Pre-Profit,51%,,#NAME?,#NAME?,#NAME?,#NAME?,No,77%,0%,1%,0%,1%,,,#NAME?,#NAME?
,Dan,1691657,Stareable,12/30/2019 9:53 AM,Republic,https://republic.co/stareable,https://www.sec.gov/Archives/edgar/data/1691657/000169165719000001/xslC_X01/primary_doc.xml,12/26/2019,"Stareable, Inc.",Stareable,,"Media, Entertainment, Sports, & Publishing",MediaTech,Early,Seed,RegCF,,SAFE,,,,"$7,000,000",20%,"$5,600,000",5600000,#NAME?,Transactional,B2B/B2C,Life Style,Yes,Low,Low,No,,7175000000,#NAME?,7175000000,#NAME?,0.27,#NAME?,< 5,High,Low,Obviously better than others,,,No,No,Yes,Yes,"$48,383",#NAME?,24648,700000,#NAME?,0.035211429,#NAME?,Pre-Profit,,Yes,5,2,Yes,No,No,No,1,2,3,0,,5,0,35,Yes,,3,0,35,Yes,,,,,,,,,,,,,,,,,,,,,,,,,,,,,,,,,,,,,,,,,4.00,,0.00,,35.00,#NAME?,,#NAME?,3.1,,,#NAME?,SAFE,37.8%,Early,,#NAME?,#NAME?,#NAME?,#NAME?,No,,1.4,1.0,2.4,1.3,#NAME?,100%,2,46%,2,16%,Yes,28%,No,No,No,,Transactional,60%,B2B/B2C,28%,Low,47%,Low,41%,,5.0,#NAME?,#NAME?,#NAME?,#NAME?,#NAME?,Pre-Profit,51%,,3.0,#NAME?,#NAME?,#NAME?,No,77%,0%,1%,0%,1%,,,#NAME?,#NAME?
,Dan,1797650,HelloWoofy.com,12/30/2019 9:58 AM,Republic,https://republic.co/hellowoofy,https://www.sec.gov/Archives/edgar/data/1797650/000155447720000003/xslC_X01/primary_doc.xml,02/12/2020,"Woofy, Inc.",HelloWoofy.com,,Marketing & Advertising,MediaTech,Early,Seed,RegCF,,SAFE,,,,"$5,000,000",20%,"$4,000,000",4000000,#NAME?,Recurring,B2B,High Growth,Yes,High,Low,No,,84000000000,#NAME?,84000000000,#NAME?,0.2,#NAME?,< 5,High,Low,Obviously better than others,,,No,Yes,Yes,Yes,$0,#NAME?,10112,537500,#NAME?,0.018813023,#NAME?,Pre-Revenue,,No,0,3,Yes,Yes,Yes,No,3,3,4,0,,7,1,27,No,,2,0,25,No,,,,,No,,,,,,,,,,,,,,,,,,,,,,,,,,,,,,,,,,,,4.50,,1.00,,26.00,#NAME?,,#NAME?,3.1,,,#NAME?,SAFE,37.8%,Early,,#NAME?,#NAME?,#NAME?,#NAME?,No,,1.4,2.0,3.4,2.1,#NAME?,100%,3,4%,3,9%,Yes,28%,Yes,Yes,No,,Recurring,40%,B2B,24%,High,53%,Low,41%,,5.0,#NAME?,#NAME?,#NAME?,#NAME?,#NAME?,Pre-Revenue,20%,,3.0,#NAME?,#NAME?,#NAME?,Yes,23%,0%,1%,0%,1%,,,#NAME?,#NAME?
,Dan,1788682,Hoop Tea,12/30/2019 10:45 AM,WeFunder,https://wefunder.com/hoop.tea,https://www.sec.gov/Archives/edgar/data/1788682/000167025419000710/xslC_X01/primary_doc.xml,12/06/2019,"Hoop Tea, Inc.",Hoop Tea,,"Food, Beverage, & Restaurants",Non-Tech,Early,Pre-Seed,RegCF,,Equity - Preferred,,,"$6,500,000",,,,6500000,#NAME?,Transactional,B2B/B2C,Life Style,Yes,High,Low,No,,17060000000,#NAME?,17060000000,#NAME?,0.06,#NAME?,> 50,Low,Low,Similar to others,,,No,No,No,No,$0,#NAME?,0,0,#NAME?,1,#NAME?,Pre-Revenue,,No,0,1,Yes,No,No,No,1,1,0,0,,6,0,47,No,,,,,,,,,,,,,,,,,,,,,,,,,,,,,,,,,,,,,,,,,,,,,,6.00,,0.00,,47.00,#NAME?,,#NAME?,,,,#NAME?,Equity - Preferred,6.7%,Early,,#NAME?,#NAME?,#NAME?,#NAME?,No,,1.6,1.0,2.6,1.4,#NAME?,100%,1,46%,1,8%,Yes,28%,No,No,No,,Transactional,60%,B2B/B2C,28%,High,53%,Low,41%,,1.0,#NAME?,#NAME?,#NAME?,#NAME?,#NAME?,Pre-Revenue,20%,,#NAME?,#NAME?,#NAME?,#NAME?,No,77%,0%,1%,0%,1%,,,#NAME?,#NAME?
,Dan,1796295,Nuu Rez,01/02/2020 11:28 AM,TruCrowd,https://us.trucrowd.com/equity/offer-summary/NUUREZ,https://www.sec.gov/Archives/edgar/data/1796295/000179629520000003/xslC_X01/primary_doc.xml,02/27/2020,Nuu Rez Inc.,NuuRez,,Real Estate & Construction,MarketplaceTech,Early,Pre-Seed,RegCF,,Equity - Common,,,"$4,000,000",,,,4000000,#NAME?,Transactional,B2C,Life Style,Yes,High,High,No,,2.204E+11,#NAME?,47730000000,#NAME?,0.3,#NAME?,5-10,High,High,Similar to others,,,Yes,No,No,No,$0,#NAME?,9250,11000,#NAME?,0.840909091,#NAME?,Pre-Revenue,,No,0,1,Yes,Yes,Yes,No,3,1,0,0,,20,0,42,Yes,,,,,,,,,,,,,,,,,,,,,,,,,,,,,,,,,,,,,,,,,,,,,,20.00,,0.00,,42.00,#NAME?,,#NAME?,,,,#NAME?,Equity - Common,32.2%,Early,,#NAME?,#NAME?,#NAME?,#NAME?,Yes,,2.9,1.0,3.9,2.5,#NAME?,100%,1,46%,1,8%,Yes,28%,Yes,Yes,No,,Transactional,60%,B2C,41%,High,53%,High,59%,,1.0,#NAME?,#NAME?,#NAME?,#NAME?,#NAME?,Pre-Revenue,20%,,#NAME?,#NAME?,#NAME?,#NAME?,No,77%,0%,1%,0%,1%,,,#NAME?,#NAME?
,Dan,1788203,Stay Cool,01/02/2020 11:40 AM,WeFunder,https://wefunder.com/staycool,https://www.sec.gov/Archives/edgar/data/1788203/000167025419000623/xslC_X01/primary_doc.xml,10/25/2019,Stay Cool Beverages LLC,Stay Cool,,"Alcohol, Tobacco, & Recreational Drugs",Non-Tech,Early,Seed,RegCF,,SAFE,,,,"$4,000,000",10%,"$3,600,000",3600000,#NAME?,Transactional,B2B/B2C,Life Style,Yes,High,Low,No,,3820000000,#NAME?,3820000000,#NAME?,0.26,#NAME?,< 5,High,Low,Similar to others,,,No,No,Yes,Yes,"$57,694",#NAME?,5993,81000,#NAME?,0.073987654,#NAME?,Pre-Profit,,Yes,3,2,Yes,No,No,No,2,2,0,0,,3,0,29,Yes,,3,0,36,No,,,,,,,,,,,,,,,,,,,,,,,,,,,,,,,,,,,,,,,,,3.00,,0.00,,32.50,#NAME?,,#NAME?,2.1,,,#NAME?,SAFE,37.8%,Early,,#NAME?,#NAME?,#NAME?,#NAME?,No,,1.3,1.0,2.3,1.2,#NAME?,100%,2,46%,2,16%,Yes,28%,No,No,No,,Transactional,60%,B2B/B2C,28%,High,53%,Low,41%,,5.0,#NAME?,#NAME?,#NAME?,#NAME?,#NAME?,Pre-Profit,51%,,3.0,#NAME?,#NAME?,#NAME?,No,77%,0%,1%,0%,1%,,,#NAME?,#NAME?
,Dan,1767636,Saberation,01/02/2020 1:14 PM,Mr. Crowd,https://www.mrcrowd.com/company/SAB,https://www.sec.gov/Archives/edgar/data/1767636/000166610219000034/xslC_X01/primary_doc.xml,12/31/2019,Saberation Inc.,Saberation (SAB),,"Healthcare, Fitness, Wellness, & Pharmaceuticals",Non-Tech,Early,Seed,RegCF,,Equity - Common,,,"$2,500,000",,,,2500000,#NAME?,Recurring,B2C,Life Style,Yes,Low,Low,No,,1.096E+11,#NAME?,40860000000,#NAME?,0.04,#NAME?,> 50,High,Low,Similar to others,,,Yes,No,Yes,Yes,"$70,379",#NAME?,1840,0,#NAME?,1,#NAME?,Profitable,,No,0,1,Yes,No,Yes,No,1,2,0,0,,0,0,42,No,,,,,,,,,,,,,,,,,,,,,,,,,,,,,,,,,,,,,,,,,,,,,,0.00,,0.00,,42.00,#NAME?,,#NAME?,,,,#NAME?,Equity - Common,32.2%,Early,,#NAME?,#NAME?,#NAME?,#NAME?,Yes,,1.0,1.0,2.0,1.0,#NAME?,100%,1,46%,2,16%,Yes,28%,No,Yes,No,,Recurring,40%,B2C,41%,Low,47%,Low,41%,,5.0,#NAME?,#NAME?,#NAME?,#NAME?,#NAME?,Profitable,7%,,3.0,#NAME?,#NAME?,#NAME?,No,77%,0%,1%,0%,1%,,,#NAME?,#NAME?
,Dan,1760049,Coinseed,01/02/2020 1:17 PM,Mr. Crowd,https://www.mrcrowd.com/company/CS,https://www.sec.gov/Archives/edgar/data/1760049/000166610220000004/xslC_X01/primary_doc.xml,02/26/2020,"Coinseed, Inc.",Coinseed,,Capital Markets,FinTech,Early,Seed,RegCF,,SAFE,,,,"$6,000,000",20%,"$4,800,000",4800000,#NAME?,Transactional,B2C,High Growth,Yes,High,Low,No,,697000000,#NAME?,697000000,#NAME?,0.05,#NAME?,5-10,Low,Low,Similar to others,,,No,No,Yes,Yes,"$279,257",#NAME?,4759,63063,#NAME?,0.075464218,#NAME?,Pre-Profit,,No,0,2,Yes,No,Yes,No,3,5,0,0,,3,0,42,No,,2,0,25,No,,,,,,,,,,,,,,,,,,,,,,,,,,,,,,,,,,,,,,,,,2.50,,0.00,,33.50,#NAME?,,#NAME?,3.1,,,#NAME?,SAFE,37.8%,Early,,#NAME?,#NAME?,#NAME?,#NAME?,No,,1.2,1.0,2.2,1.2,#NAME?,100%,2,46%,5,13%,Yes,28%,No,Yes,No,,Transactional,60%,B2C,41%,High,53%,Low,41%,,5.0,#NAME?,#NAME?,#NAME?,#NAME?,#NAME?,Pre-Profit,51%,,#NAME?,#NAME?,#NAME?,#NAME?,No,77%,0%,1%,0%,1%,,,#NAME?,#NAME?
,Dan,1736423,Acciyo,1/23/2020 8:49 AM,Republic,https://republic.co/acciyo,https://www.sec.gov/Archives/edgar/data/1736423/000173642320000005/xslC_X01/primary_doc.xml,01/22/2020,"Acciyo, Inc.",Acciyo,,Online Media,MediaTech,Early,Seed,RegCF,,SAFE,,,,"$3,000,000",0%,"$3,000,000",3000000,#NAME?,Recurring,B2C,High Growth,Yes,High,Low,Yes,,1.23E+11,#NAME?,1.23E+11,#NAME?,0.13,#NAME?,< 5,High,Low,Obviously better than others,,,No,No,Yes,No,$0,#NAME?,15415,320080,#NAME?,0.048159835,#NAME?,Pre-Revenue,,Yes,1,2,No,Yes,Yes,No,3,3,0,3,,0,0,29,Yes,,0,0,30,Yes,,,,,,,,,,,,,,,,,,,,,,,,,,,,,,,,,,,,,,,,,0.00,,0.00,,29.50,#NAME?,,#NAME?,1.0,,,#NAME?,SAFE,37.8%,Early,,#NAME?,#NAME?,#NAME?,#NAME?,No,,1.0,1.0,2.0,1.0,#NAME?,100%,2,46%,3,9%,No,72%,Yes,Yes,No,,Recurring,40%,B2C,41%,High,53%,Low,41%,,3.0,#NAME?,#NAME?,#NAME?,#NAME?,#NAME?,Pre-Revenue,20%,,3.0,#NAME?,#NAME?,#NAME?,No,77%,0%,1%,0%,1%,,,#NAME?,#NAME?
,Dan,1794073,Amplified Ale Works,1/23/2020 8:56 AM,WeFunder,https://wefunder.com/amplified.ale.works,https://www.sec.gov/Archives/edgar/data/1794073/000167025420000036/xslC_X01/primary_doc.xml,01/16/2020,California Kebab PB Restaurant LLC,Amplified Ale Works,,"Food, Beverage, & Restaurants",Non-Tech,Growth,Series A,RegCF,,Equity - Preferred,,,"$11,050,000",,,,11050000,#NAME?,Transactional,B2B/B2C,Life Style,Yes,Low,Low,No,,1.142E+11,#NAME?,27600000000,#NAME?,0.04,#NAME?,> 50,Low,Low,Similar to others,,,No,No,Yes,Yes,"$2,904,698",#NAME?,19202,925000,#NAME?,0.020758919,#NAME?,Pre-Profit,,No,0,1,Yes,No,No,No,1,50,0,0,,11,0,37,Yes,,,,,,,,,,,,,,,,,,,,,,,,,,,,,,,,,,,,,,,,,,,,,,11.00,,0.00,,37.00,#NAME?,,#NAME?,,,,#NAME?,Equity - Preferred,6.7%,Growth,,#NAME?,#NAME?,#NAME?,#NAME?,No,,2.0,1.0,3.0,1.8,#NAME?,100%,1,46%,50,0%,Yes,28%,No,No,No,,Transactional,60%,B2B/B2C,28%,Low,47%,Low,41%,,5.0,#NAME?,#NAME?,#NAME?,#NAME?,#NAME?,Pre-Profit,51%,,#NAME?,#NAME?,#NAME?,#NAME?,No,77%,0%,1%,0%,1%,,,#NAME?,#NAME?
,Dan,1795240,Elite Amateur Fight League,1/23/2020 9:09 AM,WeFunder,https://wefunder.com/eliteamateurfightleague,https://www.sec.gov/Archives/edgar/data/1795240/000167025420000021/xslC_X01/primary_doc.xml,01/14/2020,"Elite Amateur Flight League, Inc.",Elite Amateur Flight League,,"Media, Entertainment, Sports, & Publishing",Non-Tech,Early,Seed,RegCF,,Equity - Common,,,"$5,000,000",,,,5000000,#NAME?,Transactional,B2B/B2C,Life Style,Yes,Low,Low,No,,5000000000,#NAME?,1000000000,#NAME?,0.06,#NAME?,< 5,Low,High,Obviously better than others,,,No,No,Yes,Yes,"$13,080",#NAME?,3019,99933,#NAME?,0.030210241,#NAME?,Pre-Profit,,No,0,1,Yes,No,Yes,No,0,1,1,0,,6,0,46,No,,,,,,,,,,,,,,,,,,,,,,,,,,,,,,,,,,,,,,,,,,,,,,6.00,,0.00,,46.00,#NAME?,,#NAME?,,,,#NAME?,Equity - Common,32.2%,Early,,#NAME?,#NAME?,#NAME?,#NAME?,No,,1.6,1.0,2.6,1.4,#NAME?,100%,1,46%,1,8%,Yes,28%,No,Yes,No,,Transactional,60%,B2B/B2C,28%,Low,47%,Low,41%,,5.0,#NAME?,#NAME?,#NAME?,#NAME?,#NAME?,Pre-Profit,51%,,3.0,#NAME?,#NAME?,#NAME?,No,77%,0%,1%,0%,1%,,,#NAME?,#NAME?
,Dan,1763323,Sinusave,1/23/2020 9:16 AM,Razitall,https://www.razitall.com/pitch/sinusave-the-drug-free-nasal-congestion-solution,https://www.sec.gov/Archives/edgar/data/1763323/000166828720000003/xslC_X01/primary_doc.xml,01/22/2020,"Actual Natural Health and Wellness Products, Inc.",Sinusave,,"Healthcare, Fitness, Wellness, & Pharmaceuticals",Non-Tech,Early,Seed,RegCF,,CAFES,,,,"$3,977,777",0%,"$3,977,777",3977777,#NAME?,Transactional,B2B/B2C,Life Style,Yes,High,Low,No,,49540000000,#NAME?,15190000000,#NAME?,0.06,#NAME?,> 50,Low,Low,Similar to others,,,No,Yes,Yes,Yes,"$19,793",#NAME?,19211,106803,#NAME?,0.179873225,#NAME?,Pre-Profit,,No,0,1,Yes,No,No,No,1,3,0,0,,7,0,42,No,,,,,,,,,,,,,,,,,,,,,,,,,,,,,,,,,,,,,,,,,,,,,,7.00,,0.00,,42.00,#NAME?,,#NAME?,1.0,,,#NAME?,CAFES,10.0%,Early,,#NAME?,#NAME?,#NAME?,#NAME?,No,,1.7,1.0,2.7,1.5,#NAME?,100%,1,46%,3,9%,Yes,28%,No,No,No,,Transactional,60%,B2B/B2C,28%,High,53%,Low,41%,,5.0,#NAME?,#NAME?,#NAME?,#NAME?,#NAME?,Pre-Profit,51%,,#NAME?,#NAME?,#NAME?,#NAME?,Yes,23%,0%,1%,0%,1%,,,#NAME?,#NAME?
,Dan,1792640,FlowerBee Group,1/27/2020 3:58 PM,Fundanna,https://fundanna.com/equity/offer-summary/FlowerBee,https://www.sec.gov/Archives/edgar/data/1792640/000179264020000003/xslC_X01/primary_doc.xml,03/04/2020,"Flowerbee Group, Inc.",FlowerBee Group Inc.,,Real Estate & Construction,Non-Tech,Early,Pre-Seed,RegCF,,Convertible Note,,,,"$2,339,270",0%,"$2,339,270",2339270,#NAME?,Recurring,B2B,Life Style,Yes,High,High,No,,2E+11,#NAME?,4710000000,#NAME?,0.16,#NAME?,5-10,High,Low,Similar to others,,,No,No,No,No,$0,#NAME?,19,0,#NAME?,1,#NAME?,Pre-Product,,No,0,1,Yes,No,No,No,1,1,0,0,,3,0,42,No,,,,,,,,,,,,,,,,,,,,,,,,,,,,,,,,,,,,,,,,,,,,,,3.00,,0.00,,42.00,#NAME?,,#NAME?,1.0,,,#NAME?,Convertible Note,13.3%,Early,,#NAME?,#NAME?,#NAME?,#NAME?,No,,1.3,1.0,2.3,1.2,#NAME?,100%,1,46%,1,8%,Yes,28%,No,No,No,,Recurring,40%,B2B,24%,High,53%,High,59%,,1.0,#NAME?,#NAME?,#NAME?,#NAME?,#NAME?,Pre-Product,22%,,3.0,#NAME?,#NAME?,#NAME?,No,77%,0%,1%,0%,1%,,,#NAME?,#NAME?
,Dan,1700943,Plei,1/27/2020 4:03 PM,Republic,https://republic.co/plei,https://www.sec.gov/Archives/edgar/data/1700943/000170094320000001/xslC_X01/primary_doc.xml,01/23/2020,"Plei, Inc.",Plei,,"Media, Entertainment, Sports, & Publishing",MarketplaceTech,Early,Seed,RegCF,,SAFE,,,,"$10,000,000",20%,"$8,000,000",8000000,#NAME?,Recurring,B2B,Life Style,Yes,High,Low,No,,27800000000,#NAME?,2500000000,#NAME?,0.01,#NAME?,< 5,High,Low,Obviously better than others,,,No,No,Yes,Yes,"$18,031",#NAME?,14399,165974,#NAME?,0.086754552,#NAME?,Pre-Profit,,Yes,0,2,No,No,Yes,No,2,2,0,0,,0,0,27,No,,0,0,32,No,,,,,,,,,,,,,,,,,,,,,,,,,,,,,,,,,,,,,,,,,0.00,,0.00,,29.50,#NAME?,,#NAME?,3.1,,,#NAME?,SAFE,37.8%,Early,,#NAME?,#NAME?,#NAME?,#NAME?,No,,1.0,1.0,2.0,1.0,#NAME?,100%,2,46%,2,16%,No,72%,No,Yes,No,,Recurring,40%,B2B,24%,High,53%,Low,41%,,5.0,#NAME?,#NAME?,#NAME?,#NAME?,#NAME?,Pre-Profit,51%,,3.0,#NAME?,#NAME?,#NAME?,No,77%,0%,1%,0%,1%,,,#NAME?,#NAME?
,Dan,1785115,A Boring Life,1/27/2020 4:06 PM,Republic,https://republic.co/a-boring-life,https://www.sec.gov/Archives/edgar/data/1785115/000178511520000001/xslC_X01/primary_doc.xml,01/24/2020,Boring Life Inc.,A Boring Life,,"Alcohol, Tobacco, & Recreational Drugs",Non-Tech,Early,Seed,RegCF,,SAFE,,,,"$3,500,000",20%,"$2,800,000",2800000,#NAME?,Transactional,B2B/B2C,Life Style,Yes,Low,Low,Yes,,2E+11,#NAME?,10200000000,#NAME?,0.19,#NAME?,> 50,Low,Low,Similar to others,,,No,No,Yes,Yes,"$26,014",#NAME?,24926,339124,#NAME?,0.073501138,#NAME?,Pre-Profit,,Yes,0,2,Yes,Yes,No,No,1,2,3,0,,2,1,42,No,,2,1,46,No,,,,,,,,,,,,,,,,,,,,,,,,,,,,,,,,,,,,,,,,,2.00,,2.00,,44.00,#NAME?,,#NAME?,3.1,,,#NAME?,SAFE,37.8%,Early,,#NAME?,#NAME?,#NAME?,#NAME?,No,,1.2,3.0,4.2,2.7,#NAME?,100%,2,46%,2,16%,Yes,28%,Yes,No,No,,Transactional,60%,B2B/B2C,28%,Low,47%,Low,41%,,5.0,#NAME?,#NAME?,#NAME?,#NAME?,#NAME?,Pre-Profit,51%,,#NAME?,#NAME?,#NAME?,#NAME?,No,77%,0%,1%,0%,1%,,,#NAME?,#NAME?
,Dan,1795289,CannTrade,1/28/2020 7:07 PM,Microventures,https://app.microventures.com/crowdfunding/canntrade,https://www.sec.gov/Archives/edgar/data/1795289/000179528920000003/xslC_X01/primary_doc.xml,03/11/2020,"Trimpakt, Inc.",CannTrade,,"Alcohol, Tobacco, & Recreational Drugs",CommerceTech,Early,Seed,RegCF,,SAFE,,,,"$6,000,000",20%,"$4,800,000",4800000,#NAME?,Transactional,B2B,Life Style,Yes,High,Low,No,,2E+11,#NAME?,2E+11,#NAME?,0.13,#NAME?,5-10,Low,Low,Similar to others,,,No,No,Yes,Yes,"$47,110",#NAME?,6968,292186,#NAME?,0.023847823,#NAME?,Pre-Profit,,Yes,0,4,Yes,No,No,No,5,4,0,0,,6,0,34,No,,0,0,39,Yes,,0,0,37,No,,0,0,,0,,,,,,,,,,,,,,,,,,,,,,,,,,,,,,,1.50,,0.00,,36.67,#NAME?,,#NAME?,3.1,,,#NAME?,SAFE,37.8%,Early,,#NAME?,#NAME?,#NAME?,#NAME?,No,,1.1,1.0,2.1,1.1,#NAME?,100%,4,4%,4,12%,Yes,28%,No,No,No,,Transactional,60%,B2B,24%,High,53%,Low,41%,,5.0,#NAME?,#NAME?,#NAME?,#NAME?,#NAME?,Pre-Profit,51%,,#NAME?,#NAME?,#NAME?,#NAME?,No,77%,0%,1%,0%,1%,,,#NAME?,#NAME?
,Dan,1786858,The Fantasy Network,1/28/2020 7:12 PM,StartEngine,https://www.startengine.com/the-fantasy-network,https://www.sec.gov/Archives/edgar/data/1786858/000166516020000211/xslC_X01/primary_doc.xml,03/19/2020,The Fantasy Network Corporation,The Fantasy Network,,"Media, Entertainment, Sports, & Publishing",Non-Tech,Early,Seed,RegCF,,Equity - Common,,,"$8,300,000",,,,8300000,#NAME?,Recurring,B2B/B2C,Life Style,Yes,High,Low,No,,4.006E+11,#NAME?,4.006E+11,#NAME?,0.03,#NAME?,< 5,High,Low,Obviously better than others,,,No,No,Yes,Yes,"$70,607",#NAME?,3894,0,#NAME?,1,#NAME?,Pre-Profit,,Yes,0,1,Yes,No,No,No,4,1,14,0,,12,0,47,No,,,,,,,,,,,,,,,,,,,,,,,,,,,,,,,,,,,,,,,,,,,,,,12.00,,0.00,,47.00,#NAME?,,#NAME?,,,,#NAME?,Equity - Common,32.2%,Early,,#NAME?,#NAME?,#NAME?,#NAME?,No,,2.1,1.0,3.1,1.9,#NAME?,100%,1,46%,1,8%,Yes,28%,No,No,No,,Recurring,40%,B2B/B2C,28%,High,53%,Low,41%,,5.0,#NAME?,#NAME?,#NAME?,#NAME?,#NAME?,Pre-Profit,51%,,3.0,#NAME?,#NAME?,#NAME?,No,77%,0%,1%,0%,1%,,,#NAME?,#NAME?
,Dan,1707359,Neurohacker Collective,1/28/2020 7:21 PM,WeFunder,https://wefunder.com/neurohacker,https://www.sec.gov/Archives/edgar/data/1707359/000167025420000048/xslC_X01/primary_doc.xml,01/16/2020,"Neurohacker Collective, LLC",Neurohacker Collective,,"Healthcare, Fitness, Wellness, & Pharmaceuticals",Non-Tech,Growth,Series A,RegCF,,SAFE,,,,"$65,000,000",20%,"$52,000,000",52000000,#NAME?,Transactional,B2C,Life Style,Yes,Low,Low,No,,1.735E+12,#NAME?,1.735E+12,#NAME?,0.19,#NAME?,> 50,Low,Low,Similar to others,,,No,No,Yes,Yes,"$6,624,934",#NAME?,75739,4035000,#NAME?,0.018770508,#NAME?,Pre-Profit,,No,0,3,Yes,No,No,No,7,20,0,0,,6,0,42,No,,12,1,48,Yes,,3,0,37,No,,,,,,,,,,,,,,,,,,,,,,,,,,,,,,,,,,,,7.00,,1.00,,42.33,#NAME?,,#NAME?,3.1,,,#NAME?,SAFE,37.8%,Growth,,#NAME?,#NAME?,#NAME?,#NAME?,No,,1.7,2.0,3.7,2.3,#NAME?,100%,3,4%,20,2%,Yes,28%,No,No,No,,Transactional,60%,B2C,41%,Low,47%,Low,41%,,5.0,#NAME?,#NAME?,#NAME?,#NAME?,#NAME?,Pre-Profit,51%,,#NAME?,#NAME?,#NAME?,#NAME?,No,77%,0%,1%,0%,1%,,,#NAME?,#NAME?
,Dan,1798296,Aviana Holdings,1/28/2020 7:27 PM,Fundopolis,https://fundopolis.com/raisedetails?id=cbd77d5a-d358-47c1-ba0a-d9165d6cd793,https://www.sec.gov/Archives/edgar/data/1798296/000178043920000003/xslC_X01/primary_doc.xml,01/23/2020,Aviana Holdings Inc.,,,"Healthcare, Fitness, Wellness, & Pharmaceuticals",MedTech,Early,Series A,RegCF,,Equity - Common,,,"$18,350,000",,,,18350000,#NAME?,Transactional,B2B/B2C,Life Style,Yes,High,Low,No,,9956000000,#NAME?,9956000000,#NAME?,0.09,#NAME?,> 50,Low,Low,Obviously better than others,,,No,Yes,Yes,Yes,"$33,600",#NAME?,83134,5831485,#NAME?,0.01425606,#NAME?,Pre-Profit,,No,0,1,Yes,Yes,Yes,No,2,2,1,0,,12,0,74,Yes,,,,,,,,,,,,,,,,,,,,,,,,,,,,,,,,,,,,,,,,,,,,,,12.00,,0.00,,74.00,#NAME?,,#NAME?,,,,#NAME?,Equity - Common,32.2%,Early,,#NAME?,#NAME?,#NAME?,#NAME?,No,,2.1,1.0,3.1,1.9,#NAME?,100%,1,46%,2,16%,Yes,28%,Yes,Yes,No,,Transactional,60%,B2B/B2C,28%,High,53%,Low,41%,,5.0,#NAME?,#NAME?,#NAME?,#NAME?,#NAME?,Pre-Profit,51%,,#NAME?,#NAME?,#NAME?,#NAME?,Yes,23%,0%,1%,0%,1%,,,#NAME?,#NAME?
,Dan,1737259,Kansas City Breweries & Beverage Company,1/28/2020 7:31 PM,Fundopolis,https://fundopolis.com/raisedetails?id=9906f30b-dcb2-40ac-8596-68cb26e04b34,https://www.sec.gov/Archives/edgar/data/1737259/000178043920000001/xslC_X01/primary_doc.xml,01/21/2020,Kansas City Breweries Co LLC,Kansas City Breweries & Beverage Company,,"Alcohol, Tobacco, & Recreational Drugs",Non-Tech,Early,Seed,RegCF,RegD 506(C),Equity - Common,,,"$10,000,000",,,,10000000,#NAME?,Transactional,B2B,Life Style,Yes,Low,Low,No,,1.395E+11,#NAME?,1.395E+11,#NAME?,0.05,#NAME?,> 50,Low,Low,Similar to others,,,No,No,Yes,Yes,"$2,400",#NAME?,1173,86793,#NAME?,0.013514915,#NAME?,Pre-Profit,,Yes,0,1,No,Yes,No,No,0,1,0,0,,0,0,42,No,,,,,,,,,,,,,,,,,,,,,,,,,,,,,,,,,,,,,,,,,,,,,,0.00,,0.00,,42.00,#NAME?,,#NAME?,,,,#NAME?,Equity - Common,32.2%,Early,,#NAME?,#NAME?,#NAME?,#NAME?,No,,1.0,1.0,2.0,1.0,#NAME?,100%,1,46%,1,8%,No,72%,Yes,No,No,,Transactional,60%,B2B,24%,Low,47%,Low,41%,,5.0,#NAME?,#NAME?,#NAME?,#NAME?,#NAME?,Pre-Profit,51%,,#NAME?,#NAME?,#NAME?,#NAME?,No,77%,0%,1%,0%,1%,,,#NAME?,#NAME?
,Dan,1796532,Edison Golf Company,1/30/2020 12:13 PM,NextSeed,https://www.nextseed.com/offerings/edison-golf,https://www.sec.gov/Archives/edgar/data/1796532/000179653220000002/xslC_X01/primary_doc.xml,01/23/2020,Edison Golf Co.,,,Sporting Goods,Non-Tech,Early,Pre-Seed,RegCF,,SAFE,,,,"$2,100,000",20%,"$1,680,000",1680000,#NAME?,Transactional,B2B/B2C,Life Style,Yes,Low,Low,No,,2400000000,#NAME?,175000000,#NAME?,0.06,#NAME?,40-50,Low,Low,Similar to others,,,No,Yes,No,No,$0,#NAME?,6414,68428,#NAME?,0.093733559,#NAME?,Pre-Revenue,,Yes,0,1,Yes,No,No,No,1,1,0,0,,25,0,68,No,,,,,,,,,,,,,,,,,,,,,,,,,,,,,,,,,,,,,,,,,,,,,,25.00,,0.00,,68.00,#NAME?,,#NAME?,3.1,,,#NAME?,SAFE,37.8%,Early,,#NAME?,#NAME?,#NAME?,#NAME?,No,,3.4,1.0,4.4,2.9,#NAME?,100%,1,46%,1,8%,Yes,28%,No,No,No,,Transactional,60%,B2B/B2C,28%,Low,47%,Low,41%,,1.0,#NAME?,#NAME?,#NAME?,#NAME?,#NAME?,Pre-Revenue,20%,,#NAME?,#NAME?,#NAME?,#NAME?,Yes,23%,0%,1%,0%,1%,,,#NAME?,#NAME?
,Dan,1794083,OuiPlease,1/31/2020 2:02 PM,StartEngine,https://www.startengine.com/ouipleasebox,https://www.sec.gov/Archives/edgar/data/1794083/000166516020000065/xslC_X01/primary_doc.xml,1/30/2020,"My French Connection, Inc.",QuiPlease,,Apparel & Fashion,Non-Tech,Growth,Series A,RegCF,,Equity - Common,,,"$4,000,000",,,,4000000,#NAME?,Recurring,B2C,Life Style,Yes,Low,Low,No,,13500000000,#NAME?,13500000000,#NAME?,0.29,#NAME?,10-20,Low,Low,Similar to others,,,No,No,Yes,Yes,"$350,719",#NAME?,2687,481341,#NAME?,0.005582321,#NAME?,Pre-Profit,,Yes,0,1,Yes,Yes,No,No,3,4,0,0,,7,0,32,No,,,,,,,,,,,,,,,,,,,,,,,,,,,,,,,,,,,,,,,,,,,,,,7.00,,0.00,,32.00,#NAME?,,#NAME?,,,,#NAME?,Equity - Common,32.2%,Growth,,#NAME?,#NAME?,#NAME?,#NAME?,No,,1.7,1.0,2.7,1.5,#NAME?,100%,1,46%,4,12%,Yes,28%,Yes,No,No,,Recurring,40%,B2C,41%,Low,47%,Low,41%,,5.0,#NAME?,#NAME?,#NAME?,#NAME?,#NAME?,Pre-Profit,51%,,#NAME?,#NAME?,#NAME?,#NAME?,No,77%,0%,1%,0%,1%,,,#NAME?,#NAME?
,Dan,1800216,Mammalz,1/31/2020 4:48 PM,WeFunder,https://wefunder.com/mammalz,https://www.sec.gov/Archives/edgar/data/1800216/000167025420000026/xslC_X01/primary_doc.xml,01/15/2020,"Mammalz, PBC",Mammalz,,Internet,Non-Tech,Early,Seed,RegCF,,Convertible Note,,,,"$5,000,000",20%,"$4,000,000",4000000,#NAME?,Recurring,B2B2C,Life Style,Yes,High,Low,Yes,,3.11E+11,#NAME?,3.11E+11,#NAME?,0.04,#NAME?,< 5,High,High,Obviously better than others,,,No,No,Yes,Yes,$337,#NAME?,15562,300000,#NAME?,0.051873333,#NAME?,Pre-Profit,,No,0,2,Yes,No,No,No,3,5,0,0,,14,0,42,No,,0,0,28,No,,,,,,,,,,,,,,,,,,,,,,,,,,,,,,,,,,,,,,,,,7.00,,0.00,,35.00,#NAME?,,#NAME?,3.1,,,#NAME?,Convertible Note,13.3%,Early,,#NAME?,#NAME?,#NAME?,#NAME?,No,,1.7,1.0,2.7,1.5,#NAME?,100%,2,46%,5,13%,Yes,28%,No,No,No,,Recurring,40%,B2B2C,7%,High,53%,Low,41%,,5.0,#NAME?,#NAME?,#NAME?,#NAME?,#NAME?,Pre-Profit,51%,,#NAME?,#NAME?,#NAME?,#NAME?,No,77%,0%,1%,0%,1%,,,#NAME?,#NAME?
,Dan,1797607,Proper Good,1/31/2020 4:53 PM,WeFunder,https://wefunder.com/eatpropergood,https://www.sec.gov/Archives/edgar/data/1797607/000167025420000046/xslC_X01/primary_doc.xml,01/17/2020,Proper Good Inc.,Proper Good,,"Food, Beverage, & Restaurants",Non-Tech,Early,Seed,RegCF,,SAFE,,,,"$5,500,000",0%,"$5,500,000",5500000,#NAME?,Transactional,B2C,Life Style,Yes,High,Low,No,,17080000000,#NAME?,17080000000,#NAME?,0.03,#NAME?,10-20,Low,Low,Similar to others,,,No,No,No,No,$0,#NAME?,0,160000,#NAME?,1,#NAME?,Pre-Revenue,,Yes,0,2,Yes,Yes,No,No,3,2,0,0,,7,1,29,Yes,,10,1,36,No,,,,,,,,,,,,,,,,,,,,,,,,,,,,,,,,,,,,,,,,,8.50,,2.00,,32.50,#NAME?,,#NAME?,1.0,,,#NAME?,SAFE,37.8%,Early,,#NAME?,#NAME?,#NAME?,#NAME?,No,,1.8,3.0,4.8,3.2,#NAME?,100%,2,46%,2,16%,Yes,28%,Yes,No,No,,Transactional,60%,B2C,41%,High,53%,Low,41%,,1.0,#NAME?,#NAME?,#NAME?,#NAME?,#NAME?,Pre-Revenue,20%,,#NAME?,#NAME?,#NAME?,#NAME?,No,77%,0%,1%,0%,1%,,,#NAME?,#NAME?
,Dan,1794960,Fashwire,2/3/2020 12:45 PM,Republic,https://republic.co/fashwire,https://www.sec.gov/Archives/edgar/data/1794960/000179496020000001/xslC_X01/primary_doc.xml,01/31/2020,Fashwire Inc.,Fashwire,,Apparel & Fashion,MarketplaceTech,Early,Series A,RegCF,,SAFE,,,,"$10,000,000",0%,"$10,000,000",10000000,#NAME?,Transactional,B2B/B2C,Life Style,Yes,High,Low,Yes,,6.963E+11,#NAME?,6.963E+11,#NAME?,0.12,#NAME?,5-10,Low,Low,Similar to others,,,No,No,No,No,$0,#NAME?,55308,2100000,#NAME?,0.026337143,#NAME?,Pre-Revenue,,Yes,0,1,No,Yes,No,No,2,6,7,0,,0,0,51,No,,,,,,,,,,,,,,,,,,,,,,,,,,,,,,,,,,,,,,,,,,,,,,0.00,,0.00,,51.00,#NAME?,,#NAME?,1.0,,,#NAME?,SAFE,37.8%,Early,,#NAME?,#NAME?,#NAME?,#NAME?,No,,1.0,1.0,2.0,1.0,#NAME?,100%,1,46%,6,6%,No,72%,Yes,No,No,,Transactional,60%,B2B/B2C,28%,High,53%,Low,41%,,1.0,#NAME?,#NAME?,#NAME?,#NAME?,#NAME?,Pre-Revenue,20%,,#NAME?,#NAME?,#NAME?,#NAME?,No,77%,0%,1%,0%,1%,,,#NAME?,#NAME?
,Dan,1799973,Dispatch Goods,2/3/2020 12:48 PM,Republic,https://republic.co/dispatch-goods,https://www.sec.gov/Archives/edgar/data/1799973/000179997320000001/xslC_X01/primary_doc.xml,01/31/2020,"Dispatch Goods, Inc.",Dispatch Goods,,Package/Freight Delivery,Non-Tech,Early,Pre-Seed,RegCF,,SAFE,,,,"$4,000,000",20%,"$3,200,000",3200000,#NAME?,Recurring,B2B/B2C,Life Style,Yes,Low,Low,Yes,,1.2274E+11,#NAME?,23990000000,#NAME?,0.09,#NAME?,< 5,Low,Low,Similar to others,,,Yes,No,No,No,$0,#NAME?,5352,25032,#NAME?,0.213806328,#NAME?,Pre-Revenue,,Yes,1,2,Yes,Yes,No,No,3,2,0,0,,0,0,36,Yes,,3,0,29,Yes,,,,,,,,,,,,,,,,,,,,,,,,,,,,,,,,,,,,,,,,,1.50,,0.00,,32.50,#NAME?,,#NAME?,3.1,,,#NAME?,SAFE,37.8%,Early,,#NAME?,#NAME?,#NAME?,#NAME?,Yes,,1.1,1.0,2.1,1.1,#NAME?,100%,2,46%,2,16%,Yes,28%,Yes,No,No,,Recurring,40%,B2B/B2C,28%,Low,47%,Low,41%,,1.0,#NAME?,#NAME?,#NAME?,#NAME?,#NAME?,Pre-Revenue,20%,,#NAME?,#NAME?,#NAME?,#NAME?,No,77%,0%,1%,0%,1%,,,#NAME?,#NAME?
,Dan,1683872,SONDORS Electric Car Company,2/3/2020 12:52 PM,StartEngine,https://www.startengine.com/sondors-electric-car-company,https://www.sec.gov/Archives/edgar/data/1683872/000166516020000186/xslC_X01/primary_doc.xml,02/28/2020,SONDORS Electric Car Company,,,Automotive,CleanTech,Early,Series A,RegCF,,Equity - Common,,,"$80,384,390",,,,80384390,#NAME?,Transactional,B2B/B2C,High Growth,Yes,Low,High,No,,1.778E+11,#NAME?,36820000000,#NAME?,0.24,#NAME?,30-40,Low,High,Obviously better than others,,,Yes,No,No,No,$0,#NAME?,28695,1410090,#NAME?,0.020349765,#NAME?,Pre-Product,,No,0,1,Yes,No,No,No,1,1,0,0,,3,0,42,No,,,,,,,,,,,,,,,,,,,,,,,,,,,,,,,,,,,,,,,,,,,,,,3.00,,0.00,,42.00,#NAME?,,#NAME?,,,,#NAME?,Equity - Common,32.2%,Early,,#NAME?,#NAME?,#NAME?,#NAME?,Yes,,1.3,1.0,2.3,1.2,#NAME?,100%,1,46%,1,8%,Yes,28%,No,No,No,,Transactional,60%,B2B/B2C,28%,Low,47%,High,59%,,1.0,#NAME?,#NAME?,#NAME?,#NAME?,#NAME?,Pre-Product,22%,,3.0,#NAME?,#NAME?,#NAME?,No,77%,0%,1%,0%,1%,,,#NAME?,#NAME?
,Dan,1801449,SoKO,2/3/2020 12:55 PM,StartEngine,https://www.startengine.com/soko,https://www.sec.gov/Archives/edgar/data/1801449/000166516020000075/xslC_X01/primary_doc.xml,01/31/2020,"Soko Group, Inc.",SoKO,,"Alcohol, Tobacco, & Recreational Drugs",Non-Tech,Growth,Series A,RegCF,,Equity - Common,,,"$10,998,984",,,,10998984,#NAME?,Transactional,B2B/B2C,Life Style,Yes,High,Low,No,,2E+11,#NAME?,3390000000,#NAME?,0.27,#NAME?,> 50,Low,Low,Similar to others,,,No,No,Yes,Yes,"$544,360",#NAME?,18798,203768,#NAME?,0.092251973,#NAME?,Profitable,,Yes,0,1,Yes,No,No,No,1,3,0,0,,3,0,39,No,,,,,,,,,,,,,,,,,,,,,,,,,,,,,,,,,,,,,,,,,,,,,,3.00,,0.00,,39.00,#NAME?,,#NAME?,,,,#NAME?,Equity - Common,32.2%,Growth,,#NAME?,#NAME?,#NAME?,#NAME?,No,,1.3,1.0,2.3,1.2,#NAME?,100%,1,46%,3,9%,Yes,28%,No,No,No,,Transactional,60%,B2B/B2C,28%,High,53%,Low,41%,,5.0,#NAME?,#NAME?,#NAME?,#NAME?,#NAME?,Profitable,7%,,#NAME?,#NAME?,#NAME?,#NAME?,No,77%,0%,1%,0%,1%,,,#NAME?,#NAME?
,Dan,1801855,Franny's Manufacturing,2/3/2020 12:58 PM,StartEngine,https://www.startengine.com/frannys-manufacturing,https://www.sec.gov/Archives/edgar/data/1801855/000166516020000071/xslC_X01/primary_doc.xml,01/31/2020,Franny's Manufacturing Inc.,Franny's Manufacturing,,"Alcohol, Tobacco, & Recreational Drugs",Non-Tech,Growth,Seed,RegCF,,Equity - Common,,,"$3,000,000",,,,3000000,#NAME?,Transactional,B2C,Life Style,Yes,Low,Low,No,,2E+11,#NAME?,10200000000,#NAME?,0.19,#NAME?,> 50,Low,Low,Similar to others,,,No,No,Yes,Yes,"$93,578",#NAME?,991,18148,#NAME?,0.054606568,#NAME?,Profitable,,No,0,1,Yes,Yes,No,No,2,5,0,0,,8,0,50,No,,,,,,,,,,,,,,,,,,,,,,,,,,,,,,,,,,,,,,,,,,,,,,8.00,,0.00,,50.00,#NAME?,,#NAME?,,,,#NAME?,Equity - Common,32.2%,Growth,,#NAME?,#NAME?,#NAME?,#NAME?,No,,1.8,1.0,2.8,1.6,#NAME?,100%,1,46%,5,13%,Yes,28%,Yes,No,No,,Transactional,60%,B2C,41%,Low,47%,Low,41%,,5.0,#NAME?,#NAME?,#NAME?,#NAME?,#NAME?,Profitable,7%,,#NAME?,#NAME?,#NAME?,#NAME?,No,77%,0%,1%,0%,1%,,,#NAME?,#NAME?
,Dan,1799227,Yae! Organics,2/3/2020 1:01 PM,StartEngine,https://www.startengine.com/yae-organics,https://www.sec.gov/Archives/edgar/data/1799227/000166516020000079/xslC_X01/primary_doc.xml,01/31/2020,Yae! Organics Inc.,Yae! Organics,,"Food, Beverage, & Restaurants",Non-Tech,Growth,Seed,RegCF,,Equity - Common,,,"$2,448,000",,,,2448000,#NAME?,Transactional,B2B/B2C,Life Style,Yes,Low,Low,No,,3.194E+11,#NAME?,3.194E+11,#NAME?,0.08,#NAME?,> 50,Low,Low,Similar to others,,,No,No,Yes,Yes,"$128,989",#NAME?,3108,5000,#NAME?,0.6216,#NAME?,Profitable,,No,0,1,Yes,No,Yes,No,1,8,3,0,,3,0,42,No,,,,,,,,,,,,,,,,,,,,,,,,,,,,,,,,,,,,,,,,,,,,,,3.00,,0.00,,42.00,#NAME?,,#NAME?,,,,#NAME?,Equity - Common,32.2%,Growth,,#NAME?,#NAME?,#NAME?,#NAME?,No,,1.3,1.0,2.3,1.2,#NAME?,100%,1,46%,8,6%,Yes,28%,No,Yes,No,,Transactional,60%,B2B/B2C,28%,Low,47%,Low,41%,,5.0,#NAME?,#NAME?,#NAME?,#NAME?,#NAME?,Profitable,7%,,#NAME?,#NAME?,#NAME?,#NAME?,No,77%,0%,1%,0%,1%,,,#NAME?,#NAME?
,Dan,1801610,Pure Green Franchise,2/4/2020 1:26 PM,Republic,https://republic.co/puregreen,https://www.sec.gov/Archives/edgar/data/1801610/000180161020000002/xslC_X01/primary_doc.xml,02/04/2020,Pure Green Franchise Corp.,Pure Green Franchise,,"Food, Beverage, & Restaurants",Non-Tech,Growth,Series A,RegCF,,SAFE,,,,"$12,000,000",10%,"$10,800,000",10800000,#NAME?,Transactional,B2B/B2C,Life Style,Yes,High,Low,No,,10140000000,#NAME?,2600000000,#NAME?,0.02,#NAME?,> 50,Low,Low,Similar to others,,,Yes,No,Yes,Yes,"$2,692,030",#NAME?,2433,1796000,#NAME?,0.001354677,#NAME?,Profitable,,Yes,0,1,Yes,No,No,No,2,2,1,0,,12,0,40,No,,,,,,,,,,,,,,,,,,,,,,,,,,,,,,,,,,,,,,,,,,,,,,12.00,,0.00,,40.00,#NAME?,,#NAME?,2.1,,,#NAME?,SAFE,37.8%,Growth,,#NAME?,#NAME?,#NAME?,#NAME?,Yes,,2.1,1.0,3.1,1.9,#NAME?,100%,1,46%,2,16%,Yes,28%,No,No,No,,Transactional,60%,B2B/B2C,28%,High,53%,Low,41%,,5.0,#NAME?,#NAME?,#NAME?,#NAME?,#NAME?,Profitable,7%,,#NAME?,#NAME?,#NAME?,#NAME?,No,77%,0%,1%,0%,1%,,,#NAME?,#NAME?
,Dan,1796093,The Greatest Adventure on Earth,2/4/2020 1:39 PM,WeFunder,https://wefunder.com/the.greatest.adventure.on.earth,https://www.sec.gov/Archives/edgar/data/1796093/000167025420000014/xslC_X01/primary_doc.xml,01/16/2020,"The Greatest Adventures On Earth, LLC",The Greatest Adventure On Earth,,"Media, Entertainment, Sports, & Publishing",Non-Tech,Early,Pre-Seed,RegCF,,SAFE,,,,"$5,000,000",20%,"$4,000,000",4000000,#NAME?,Transactional,B2B/B2C,Life Style,Yes,High,Low,No,,7.526E+11,#NAME?,7.526E+11,#NAME?,0.13,#NAME?,< 5,High,High,Obviously better than others,,,Yes,No,No,No,$0,#NAME?,0,0,#NAME?,1,#NAME?,Pre-Product,,No,0,3,Yes,No,No,No,4,3,3,0,,10,0,35,No,,0,0,33,No,,0,0,32,No,,,,,,,,,,,,,,,,,,,,,,,,,,,,,,,,,,,,3.33,,0.00,,33.33,#NAME?,,#NAME?,3.1,,,#NAME?,SAFE,37.8%,Early,,#NAME?,#NAME?,#NAME?,#NAME?,Yes,,1.3,1.0,2.3,1.2,#NAME?,100%,3,4%,3,9%,Yes,28%,No,No,No,,Transactional,60%,B2B/B2C,28%,High,53%,Low,41%,,1.0,#NAME?,#NAME?,#NAME?,#NAME?,#NAME?,Pre-Product,22%,,#NAME?,#NAME?,#NAME?,#NAME?,No,77%,0%,1%,0%,1%,,,#NAME?,#NAME?
,Dan,1800456,Soar.com,2/5/2020 4:40 PM,WeFunder,https://wefunder.com/soar,https://www.sec.gov/Archives/edgar/data/1800456/000167025420000050/xslC_X01/primary_doc.xml,01/21/2020,"Strengths, Inc.",Soar.com,,"Education, Training, & Coaching",MediaTech,Growth,Series A,RegCF,,Equity - Common,,,"$15,600,000",,,,15600000,#NAME?,Recurring,B2B/B2C,Life Style,Yes,High,Low,No,,1265000000,#NAME?,1265000000,#NAME?,0.05,#NAME?,5-10,High,High,Obviously better than others,,,Yes,Yes,Yes,Yes,"$107,966",#NAME?,126105,3476667,#NAME?,0.036271809,#NAME?,Pre-Profit,,Yes,0,1,Yes,No,No,Yes,1,15,0,0,,23,2,55,No,,,,,,,,,,,,,,,,,,,,,,,,,,,,,,,,,,,,,,,,,,,,,,23.00,,2.00,,55.00,#NAME?,,#NAME?,,,,#NAME?,Equity - Common,32.2%,Growth,,#NAME?,#NAME?,#NAME?,#NAME?,Yes,,3.2,3.0,6.2,4.3,#NAME?,100%,1,46%,15,2%,Yes,28%,No,No,Yes,,Recurring,40%,B2B/B2C,28%,High,53%,Low,41%,,5.0,#NAME?,#NAME?,#NAME?,#NAME?,#NAME?,Pre-Profit,51%,,#NAME?,#NAME?,#NAME?,#NAME?,Yes,23%,0%,1%,0%,1%,,,#NAME?,#NAME?
,Dan,1785626,Zanbazan,2/6/2020 12:20 PM,NextSeed,https://www.nextseed.com/offerings/zanbazan,https://www.sec.gov/Archives/edgar/data/1785626/000178562620000004/xslC_X01/primary_doc.xml,02/16/2020,"Zanbazan, LLC",Zanbazan,,Apparel & Fashion,Non-Tech,Early,Pre-Seed,RegCF,,SAFE,,,,"$2,000,000",20%,"$1,600,000",1600000,#NAME?,Transactional,B2B/B2C,Life Style,Yes,Low,Low,No,,19910000000,#NAME?,19910000000,#NAME?,0.04,#NAME?,20-30,Low,Low,Similar to others,,,No,Yes,No,No,$0,#NAME?,667,15000,#NAME?,0.044466667,#NAME?,Pre-Revenue,,Yes,0,1,No,Yes,No,No,4,1,0,0,,0,0,33,No,,,,,,,,,,,,,,,,,,,,,,,,,,,,,,,,,,,,,,,,,,,,,,0.00,,0.00,,33.00,#NAME?,,#NAME?,3.1,,,#NAME?,SAFE,37.8%,Early,,#NAME?,#NAME?,#NAME?,#NAME?,No,,1.0,1.0,2.0,1.0,#NAME?,100%,1,46%,1,8%,No,72%,Yes,No,No,,Transactional,60%,B2B/B2C,28%,Low,47%,Low,41%,,1.0,#NAME?,#NAME?,#NAME?,#NAME?,#NAME?,Pre-Revenue,20%,,#NAME?,#NAME?,#NAME?,#NAME?,Yes,23%,0%,1%,0%,1%,,,#NAME?,#NAME?
,Dan,1478985,Pacific Integrated Energy,2/7/2020 2:03 PM,StartEngine,https://www.startengine.com/pienergy,https://www.sec.gov/Archives/edgar/data/1478985/000166516020000172/xslC_X01/primary_doc.xml,02/28/2020,"Pacific Integrated Energy, Inc.",PI Energy,,"Energy, Power, & Natural Resources",CleanTech,Early,Series B,RegCF,,Equity - Common,,,"$67,934,930",,,,67934930,#NAME?,Transactional,B2B,High Growth,Yes,Low,High,No,,63260000000,#NAME?,63260000000,#NAME?,0.21,#NAME?,40-50,Low,High,Similar to others,,,Yes,Yes,Yes,Yes,"$6,000",#NAME?,148441,13815635,#NAME?,0.010744421,#NAME?,Pre-Profit,,Yes,0,1,Yes,No,No,No,3,8,3,0,,18,0,55,Yes,,,,,,,,,,,,,,,,,,,,,,,,,,,,,,,,,,,,,,,,,,,,,,18.00,,0.00,,55.00,#NAME?,,#NAME?,,,,#NAME?,Equity - Common,32.2%,Early,,#NAME?,#NAME?,#NAME?,#NAME?,Yes,,2.7,1.0,3.7,2.3,#NAME?,100%,1,46%,8,6%,Yes,28%,No,No,No,,Transactional,60%,B2B,24%,Low,47%,High,59%,,5.0,#NAME?,#NAME?,#NAME?,#NAME?,#NAME?,Pre-Profit,51%,,3.0,#NAME?,#NAME?,#NAME?,Yes,23%,0%,1%,0%,1%,,,#NAME?,#NAME?
,Dan,1767003,Delsure Health Insurance,2/7/2020 2:12 PM,WeFunder,https://wefunder.com/delsure.health.insurance,https://www.sec.gov/Archives/edgar/data/1767003/000167025420000041/xslC_X01/primary_doc.xml,12/18/2019,"Delsure Health Insurance, Inc.",Delsure,,Insurance,Non-Tech,Early,Series A,RegCF,,Equity - Preferred,,,"$2,970,000",,,,2970000,#NAME?,Recurring,B2C,Life Style,Yes,Low,Low,No,,1.1E+12,#NAME?,1.1E+12,#NAME?,0.03,#NAME?,> 50,Low,High,Similar to others,,,Yes,No,No,No,$0,#NAME?,21043,1243450,#NAME?,0.016923077,#NAME?,Pre-Revenue,,No,0,1,No,No,Yes,No,3,5,1,0,,0,0,72,Yes,,,,,,,,,,,,,,,,,,,,,,,,,,,,,,,,,,,,,,,,,,,,,,0.00,,0.00,,72.00,#NAME?,,#NAME?,,,,#NAME?,Equity - Preferred,6.7%,Early,,#NAME?,#NAME?,#NAME?,#NAME?,Yes,,1.0,1.0,2.0,1.0,#NAME?,100%,1,46%,5,13%,No,72%,No,Yes,No,,Recurring,40%,B2C,41%,Low,47%,Low,41%,,1.0,#NAME?,#NAME?,#NAME?,#NAME?,#NAME?,Pre-Revenue,20%,,3.0,#NAME?,#NAME?,#NAME?,No,77%,0%,1%,0%,1%,,,#NAME?,#NAME?
,Dan,1800770,Everydae,2/7/2020 2:14 PM,WeFunder,https://wefunder.com/everydae,https://www.sec.gov/Archives/edgar/data/1800770/000167025420000065/xslC_X01/primary_doc.xml,01/23/2020,Learn with ORION LLC,Everydae,,"Education, Training, & Coaching",EdTech,Growth,Series A,RegCF,,SAFE,,,,"$10,000,000",0%,"$10,000,000",10000000,#NAME?,Recurring,B2B/B2C,Life Style,Yes,High,Low,No,,80260000000,#NAME?,633300000,#NAME?,0.04,#NAME?,10-20,High,Low,Obviously better than others,,,Yes,No,Yes,Yes,"$326,909",#NAME?,474,25000,#NAME?,0.01896,#NAME?,Profitable,,No,0,3,Yes,Yes,Yes,No,8,7,0,0,,2,1,31,Yes,,18,1,53,Yes,,13,0,45,Yes,,,,,,,,,,,,,,,,,,,,,,,,,,,,,,,,,,,,11.00,,2.00,,43.00,#NAME?,,#NAME?,1.0,,,#NAME?,SAFE,37.8%,Growth,,#NAME?,#NAME?,#NAME?,#NAME?,Yes,,2.0,3.0,5.0,3.4,#NAME?,100%,3,4%,7,4%,Yes,28%,Yes,Yes,No,,Recurring,40%,B2B/B2C,28%,High,53%,Low,41%,,5.0,#NAME?,#NAME?,#NAME?,#NAME?,#NAME?,Profitable,7%,,3.0,#NAME?,#NAME?,#NAME?,No,77%,0%,1%,0%,1%,,,#NAME?,#NAME?
,Dan,1802762,Deuce Drone,2/11/2020 1:26 PM,NetCapital,https://netcapital.com/companies/deuce-drone,https://www.sec.gov/Archives/edgar/data/1802762/000166919120000045/xslC_X01/primary_doc.xml,2/10/2020,Deuce Drone LLC,Deuce Drone,,Logistics & Supply Chain,CommerceTech,Early,Pre-Seed,RegCF,,Equity - Common,,,"$4,200,000",,,,4200000,#NAME?,Recurring,B2B/B2C,High Growth,Yes,High,Low,No,,693000000,#NAME?,693000000,#NAME?,0.45,#NAME?,5-10,High,High,Similar to others,,,No,No,No,No,$0,#NAME?,0,0,#NAME?,1,#NAME?,Pre-Product,,Yes,0,3,Yes,No,Yes,No,4,3,0,0,,0,0,42,No,,21,0,56,No,,2,0,22,Yes,,,,,,,,,,,,,,,,,,,,,,,,,,,,,,,,,,,,7.67,,0.00,,40.00,#NAME?,,#NAME?,,,,#NAME?,Equity - Common,32.2%,Early,,#NAME?,#NAME?,#NAME?,#NAME?,No,,1.7,1.0,2.7,1.6,#NAME?,100%,3,4%,3,9%,Yes,28%,No,Yes,No,,Recurring,40%,B2B/B2C,28%,High,53%,Low,41%,,1.0,#NAME?,#NAME?,#NAME?,#NAME?,#NAME?,Pre-Product,22%,,#NAME?,#NAME?,#NAME?,#NAME?,No,77%,0%,1%,0%,1%,,,#NAME?,#NAME?
,Dan,1585681,ThoughtFull Toys Inc.,2/13/2020 11:54 AM,StartEngine,https://www.startengine.com/thoughtfull-toys-inc,https://www.sec.gov/Archives/edgar/data/1585681/000166516020000109/xslC_X01/primary_doc.xml,02/12/2020,"Thoughtfull Toys, Inc.",ThoughtFull Toys,,"Food, Beverage, & Restaurants",Non-Tech,Growth,Series B,RegCF,,Equity - Preferred,,,"$5,436,506",,,,5436506,#NAME?,Transactional,B2B/B2C,Life Style,Yes,Low,Low,No,,1.2375E+11,#NAME?,20910000000,#NAME?,-0.04,#NAME?,20-30,Low,Low,Similar to others,,,No,Yes,Yes,Yes,"$1,580,699",#NAME?,114224,4154770,#NAME?,0.027492256,#NAME?,Pre-Profit,,Yes,0,1,Yes,No,No,No,1,5,0,0,,31,1,42,Yes,,,,,,,,,,,,,,,,,,,,,,,,,,,,,,,,,,,,,,,,,,,,,,31.00,,1.00,,42.00,#NAME?,,#NAME?,,,,#NAME?,Equity - Preferred,6.7%,Growth,,#NAME?,#NAME?,#NAME?,#NAME?,No,,4.0,2.0,6.0,4.1,#NAME?,100%,1,46%,5,13%,Yes,28%,No,No,No,,Transactional,60%,B2B/B2C,28%,Low,47%,Low,41%,,5.0,#NAME?,#NAME?,#NAME?,#NAME?,#NAME?,Pre-Profit,51%,,#NAME?,#NAME?,#NAME?,#NAME?,Yes,23%,0%,1%,0%,1%,,,#NAME?,#NAME?
,Dan,1800755,"GoBQ Grills, Inc.",2/13/2020 11:56 AM,StartEngine,https://www.startengine.com/gobq-grills,https://www.sec.gov/Archives/edgar/data/1800755/000166516020000114/xslC_X01/primary_doc.xml,02/12/2020,"GoBQ Grills, Inc.",GoBQ Grills,,"Food, Beverage, & Restaurants",FoodTech,Growth,Seed,RegCF,,Equity - Common,,,"$6,000,000",,,,6000000,#NAME?,Transactional,B2B/B2C,Life Style,Yes,Low,Low,No,,46460000000,#NAME?,46460000000,#NAME?,0.08,#NAME?,> 50,High,Low,Similar to others,,,No,Yes,Yes,Yes,"$45,755",#NAME?,15439,215000,#NAME?,0.071809302,#NAME?,Pre-Profit,,Yes,0,2,No,No,No,No,2,3,2,0,,0,0,51,No,,0,0,,No,,,,,,,,,,,,,,,,,,,,,,,,,,,,,,,,,,,,,,,,,0.00,,0.00,,51.00,#NAME?,,#NAME?,,,,#NAME?,Equity - Common,32.2%,Growth,,#NAME?,#NAME?,#NAME?,#NAME?,No,,1.0,1.0,2.0,1.0,#NAME?,100%,2,46%,3,9%,No,72%,No,No,No,,Transactional,60%,B2B/B2C,28%,Low,47%,Low,41%,,5.0,#NAME?,#NAME?,#NAME?,#NAME?,#NAME?,Pre-Profit,51%,,3.0,#NAME?,#NAME?,#NAME?,Yes,23%,0%,1%,0%,1%,,,#NAME?,#NAME?
,Dan,1800826,Galactic Adventures,02/13/2020 12:00 PM,WeFunder,https://wefunder.com/galacticadventures,https://www.sec.gov/Archives/edgar/data/1800826/000167025420000107/xslC_X01/primary_doc.xml,02/07/2020,"Galactic Adventures, Inc.",Galactic Adventures,,"Media, Entertainment, Sports, & Publishing",Non-Tech,Early,Pre-Seed,RegCF,,Equity - Preferred,,,"$5,000,000",,,,5000000,#NAME?,Transactional,B2C,Life Style,Yes,Low,Low,No,,4450000000,#NAME?,775000000,#NAME?,0.02,#NAME?,> 50,Low,Low,Similar to others,,,No,No,No,No,$0,#NAME?,220,0,#NAME?,1,#NAME?,Pre-Product,,Yes,1,1,No,No,No,No,1,1,0,3,,0,0,42,No,,,,,,,,,,,,,,,,,,,,,,,,,,,,,,,,,,,,,,,,,,,,,,0.00,,0.00,,42.00,#NAME?,,#NAME?,,,,#NAME?,Equity - Preferred,6.7%,Early,,#NAME?,#NAME?,#NAME?,#NAME?,No,,1.0,1.0,2.0,1.0,#NAME?,100%,1,46%,1,8%,No,72%,No,No,No,,Transactional,60%,B2C,41%,Low,47%,Low,41%,,1.0,#NAME?,#NAME?,#NAME?,#NAME?,#NAME?,Pre-Product,22%,,#NAME?,#NAME?,#NAME?,#NAME?,No,77%,0%,1%,0%,1%,,,#NAME?,#NAME?
,Dan,1803721,American 7s Football League,03/02/2020 11:11 AM,StartEngine,https://www.startengine.com/a7fl,https://www.sec.gov/Archives/edgar/data/1803721/000180372120000002/xslC_X01/primary_doc.xml,02/27/2020,A7FL Inc.,American 7s Football League,,"Media, Entertainment, Sports, & Publishing",Non-Tech,Early,Pre-Seed,RegCF,,Equity - Common,,,"$9,000,000",,,,9000000,#NAME?,Recurring,B2B/B2C,Life Style,Yes,High,Low,No,,75570000000,#NAME?,75570000000,#NAME?,0.03,#NAME?,< 5,High,Low,Similar to others,,,No,No,Yes,Yes,"$20,273",#NAME?,874,0,#NAME?,1,#NAME?,Pre-Profit,,Yes,3,2,No,No,No,No,2,2,1,1,,0,0,41,No,,0,0,41,No,,,,,,,,,,,,,,,,,,,,,,,,,,,,,,,,,,,,,,,,,0.00,,0.00,,41.00,#NAME?,,#NAME?,,,,#NAME?,Equity - Common,32.2%,Early,,#NAME?,#NAME?,#NAME?,#NAME?,No,,1.0,1.0,2.0,1.0,#NAME?,100%,2,46%,2,16%,No,72%,No,No,No,,Recurring,40%,B2B/B2C,28%,High,53%,Low,41%,,5.0,#NAME?,#NAME?,#NAME?,#NAME?,#NAME?,Pre-Profit,51%,,3.0,#NAME?,#NAME?,#NAME?,No,77%,0%,1%,0%,1%,,,#NAME?,#NAME?
,Dan,1803728,Chicas Tacos,03/02/2020 11:19 AM,StartEngine,https://www.startengine.com/chicastacos,https://www.sec.gov/Archives/edgar/data/1803728/000166516020000195/xslC_X01/primary_doc.xml,03/04/2020,"Chicas Tacos Holdings, Inc.",Chicas Tacos,,"Food, Beverage, & Restaurants",Non-Tech,Early,Seed,RegCF,,Equity - Common,,,"$6,030,000",,,,6030000,#NAME?,Recurring,B2B/B2C,Life Style,Yes,Low,Low,No,,62880000000,#NAME?,62880000000,#NAME?,0.05,#NAME?,> 50,Low,Low,Similar to others,,,No,No,Yes,Yes,"$9,450",#NAME?,19784,1235000,#NAME?,0.016019433,#NAME?,Pre-Profit,,Yes,0,4,Yes,No,Yes,No,2,4,0,0,,0,0,42,No,,7,,,,,0,0,28,No,,0,0,,,,,,,,,,,,,,,,,,,,,,,,,,,,,,,,,1.75,,0.00,,35.00,#NAME?,,#NAME?,,,,#NAME?,Equity - Common,32.2%,Early,,#NAME?,#NAME?,#NAME?,#NAME?,No,,1.2,1.0,2.2,1.1,#NAME?,100%,4,4%,4,12%,Yes,28%,No,Yes,No,,Recurring,40%,B2B/B2C,28%,Low,47%,Low,41%,,5.0,#NAME?,#NAME?,#NAME?,#NAME?,#NAME?,Pre-Profit,51%,,#NAME?,#NAME?,#NAME?,#NAME?,No,77%,0%,1%,0%,1%,,,#NAME?,#NAME?
,Dan,1803730,Mamie's Pies,03/02/2020 11:28 AM,StartEngine,https://www.startengine.com/mamiespies,https://www.sec.gov/Archives/edgar/data/1803730/000166516020000177/xslC_X01/primary_doc.xml,02/28/2020,"Mamie's Pies, Inc.",Mamie's Pies,,"Food, Beverage, & Restaurants",Non-Tech,Growth,Series A,RegCF,,Equity - Common,,,"$6,250,010",,,,6250010,#NAME?,Transactional,B2B/B2C,Life Style,Yes,Low,Low,No,,1.041E+11,#NAME?,31840000000,#NAME?,0.05,#NAME?,10-20,Low,Low,Similar to others,,,No,No,Yes,Yes,"$549,924",#NAME?,3786,737283,#NAME?,0.00513507,#NAME?,Pre-Profit,,Yes,16,1,Yes,Yes,No,No,1,2,7,0,,7,0,57,No,,,,,,,,,,,,,,,,,,,,,,,,,,,,,,,,,,,,,,,,,,,,,,7.00,,0.00,,57.00,#NAME?,,#NAME?,,,,#NAME?,Equity - Common,32.2%,Growth,,#NAME?,#NAME?,#NAME?,#NAME?,No,,1.7,1.0,2.7,1.5,#NAME?,100%,1,46%,2,16%,Yes,28%,Yes,No,No,,Transactional,60%,B2B/B2C,28%,Low,47%,Low,41%,,5.0,#NAME?,#NAME?,#NAME?,#NAME?,#NAME?,Pre-Profit,51%,,#NAME?,#NAME?,#NAME?,#NAME?,No,77%,0%,1%,0%,1%,,,#NAME?,#NAME?
,Dan,1804772,ClimateCase,03/02/2020 11:32 AM,StartEngine,https://www.startengine.com/climatecase,https://www.sec.gov/Archives/edgar/data/1804772/000166516020000184/xslC_X01/primary_doc.xml,02/28/2020,"Coastal ClimateCase, Inc.",ClimateCase,,Consumer Goods & Services,Non-Tech,Growth,Seed,RegCF,,Equity - Common,,,"$2,500,000",,,,2500000,#NAME?,Transactional,B2B/B2C,Life Style,Yes,Low,Low,No,,2.3651E+11,#NAME?,2.3651E+11,#NAME?,0.03,#NAME?,5-10,High,Low,Similar to others,,,No,Yes,Yes,Yes,"$413,527",#NAME?,2378,118736,#NAME?,0.020027624,#NAME?,Profitable,,Yes,0,1,No,Yes,No,No,0,3,1,0,,0,0,42,No,,,,,,,,,,,,,,,,,,,,,,,,,,,,,,,,,,,,,,,,,,,,,,0.00,,0.00,,42.00,#NAME?,,#NAME?,,,,#NAME?,Equity - Common,32.2%,Growth,,#NAME?,#NAME?,#NAME?,#NAME?,No,,1.0,1.0,2.0,1.0,#NAME?,100%,1,46%,3,9%,No,72%,Yes,No,No,,Transactional,60%,B2B/B2C,28%,Low,47%,Low,41%,,5.0,#NAME?,#NAME?,#NAME?,#NAME?,#NAME?,Profitable,7%,,3.0,#NAME?,#NAME?,#NAME?,Yes,23%,0%,1%,0%,1%,,,#NAME?,#NAME?
,Dan,1800827,Fuchsia Shoes,3/2/2020 11:50 AM,WeFunder,https://wefunder.com/fuchsia.shoes,https://www.sec.gov/Archives/edgar/data/1800827/000167025420000071/xslC_X01/primary_doc.xml,01/28/2020,Fuchsia Shoes Inc.,Fuchsia Shoes,,Apparel & Fashion,Non-Tech,Growth,Seed,RegCF,,SAFE,,,,"$4,000,000",25%,"$3,000,000",3000000,#NAME?,Transactional,B2B/B2C,Life Style,Yes,High,Low,Yes,,2.237E+11,#NAME?,2.237E+11,#NAME?,0.04,#NAME?,> 50,High,Low,Obviously better than others,,,No,No,Yes,Yes,"$129,750",#NAME?,4746,140294,#NAME?,0.033828959,#NAME?,Pre-Profit,,No,0,2,Yes,Yes,Yes,No,5,3,0,0,,4,0,38,Yes,,4,0,39,No,,,,,,,,,,,,,,,,,,,,,,,,,,,,,,,,,,,,,,,,,4.00,,0.00,,38.50,#NAME?,,#NAME?,3.6,,,#NAME?,SAFE,37.8%,Growth,,#NAME?,#NAME?,#NAME?,#NAME?,No,,1.4,1.0,2.4,1.3,#NAME?,100%,2,46%,3,9%,Yes,28%,Yes,Yes,No,,Transactional,60%,B2B/B2C,28%,High,53%,Low,41%,,5.0,#NAME?,#NAME?,#NAME?,#NAME?,#NAME?,Pre-Profit,51%,,3.0,#NAME?,#NAME?,#NAME?,No,77%,0%,1%,0%,1%,,,#NAME?,#NAME?
,Dan,1741462,Citizen Armor,1/2/2020 1:31 PM,Mr. Crowd,https://www.mrcrowd.com/company/TAC,https://www.sec.gov/Archives/edgar/data/1741462/000166610220000002/xslC_X01/primary_doc.xml,01/02/2020,"Armored Citizen, LLC",Citizen Armor,,"Transportation, Automotive, Aviation, & Aerospace",FashionTech,Growth,,RegCF,,Equity - Common,,,"$8,600,000",,,,8600000,#NAME?,Transactional,B2B/B2C,Life Style,Yes,High,Low,No,,2300000000,#NAME?,2300000000,#NAME?,0.06,#NAME?,10-20,Low,Low,Similar to others,,,Yes,Yes,Yes,Yes,"$287,969",#NAME?,21796,0,#NAME?,1,#NAME?,Pre-Profit,,Yes,0,1,Yes,No,No,No,2,10,0,0,,7,1,51,No,,,,,,,,,,,,,,,,,,,,,,,,,,,,,,,,,,,,,,,,,,,,,,7.00,,1.00,,51.00,#NAME?,,#NAME?,,,,#NAME?,Equity - Common,32.2%,Growth,,#NAME?,#NAME?,#NAME?,#NAME?,Yes,,1.7,2.0,3.7,2.3,#NAME?,100%,1,46%,10,2%,Yes,28%,No,No,No,,Transactional,60%,B2B/B2C,28%,High,53%,Low,41%,,5.0,#NAME?,#NAME?,#NAME?,#NAME?,#NAME?,Pre-Profit,51%,,#NAME?,#NAME?,#NAME?,#NAME?,Yes,23%,0%,1%,0%,1%,,,#NAME?,#NAME?
,Dan,1748253,Vibravision,1/2/2020 1:35 PM,Mr. Crowd,https://www.mrcrowd.com/company/VBR,https://www.sec.gov/Archives/edgar/data/1748253/000166610219000029/xslC_X01/primary_doc.xml,12/23/2019,"Vibravision, LLC",Vibravision,,"Healthcare, Fitness, Wellness, & Pharmaceuticals",Non-Tech,Early,Seed,RegCF,,Equity - Common,,,"$7,000,000",,,,7000000,#NAME?,Recurring,B2C,Life Style,Yes,Low,Low,No,,153400000,#NAME?,153400000,#NAME?,0.07,#NAME?,> 50,High,Low,Similar to others,,,Yes,No,Yes,Yes,"$48,597",#NAME?,234,30099,#NAME?,0.007774345,#NAME?,Pre-Profit,,No,0,3,Yes,No,No,No,1,3,0,0,,20,0,48,No,,,,,,,0,0,,,,,,,,,,,,,,,,,,,,,,,,,,,,,,,,,,,,,,10.00,,0.00,,48.00,#NAME?,,#NAME?,,,,#NAME?,Equity - Common,32.2%,Early,,#NAME?,#NAME?,#NAME?,#NAME?,Yes,,2.0,1.0,3.0,1.7,#NAME?,100%,3,4%,3,9%,Yes,28%,No,No,No,,Recurring,40%,B2C,41%,Low,47%,Low,41%,,5.0,#NAME?,#NAME?,#NAME?,#NAME?,#NAME?,Pre-Profit,51%,,3.0,#NAME?,#NAME?,#NAME?,No,77%,0%,1%,0%,1%,,,#NAME?,#NAME?
,Dan,1758447,Social5,1/2/2020 1:37 PM,Mr. Crowd,https://www.mrcrowd.com/company/SOC,https://www.sec.gov/Archives/edgar/data/1758447/000166610220000001/xslC_X01/primary_doc.xml,01/02/2020,"Social5, LLC",Social5,,Marketing & Advertising,AdTech,Growth,Series B,RegCF,,Equity - Common,,,"$8,000,000",,,,8000000,#NAME?,Recurring,B2B,High Growth,Yes,High,Low,No,,5.0458E+11,#NAME?,5.0458E+11,#NAME?,0.38,#NAME?,> 50,Low,Low,Similar to others,,,No,No,Yes,Yes,"$2,646,599",#NAME?,9157,0,#NAME?,1,#NAME?,Profitable,,No,0,5,Yes,No,No,No,6,20,0,0,,8,0,42,No,,9,0,38,No,,8,0,54,No,,10,0,41,No,,7,0,,No,,,,,,,,,,,,,,,,,,,,,,,,,,8.40,,0.00,,43.75,#NAME?,,#NAME?,,,,#NAME?,Equity - Common,32.2%,Growth,,#NAME?,#NAME?,#NAME?,#NAME?,No,,1.8,1.0,2.8,1.6,#NAME?,100%,5,0%,20,2%,Yes,28%,No,No,No,,Recurring,40%,B2B,24%,High,53%,Low,41%,,5.0,#NAME?,#NAME?,#NAME?,#NAME?,#NAME?,Profitable,7%,,#NAME?,#NAME?,#NAME?,#NAME?,No,77%,0%,1%,0%,1%,,,#NAME?,#NAME?
,Dan,1742800,ZAMii,1/2/2020 1:57 PM,Razitall,https://www.razitall.com/pitch/zamii-clean-cleaning-americas-carpets-upholstery,https://www.sec.gov/Archives/edgar/data/1742800/000166828719000051/xslC_X01/primary_doc.xml,09/25/2019,Zamii Clean USA Carpet and Upholstery Cleaning Corp.,ZAMii Clean Cleaning Americas Carpets & Upholstery,,Consumer Goods & Services,Non-Tech,Early,Pre-Seed,RegCF,,CAFES,,,,"$450,000",0%,"$450,000",450000,#NAME?,Transactional,B2B/B2C,Life Style,Yes,Low,Low,No,,4260000000,#NAME?,4260000000,#NAME?,0.04,#NAME?,> 50,Low,Low,Similar to others,,,No,No,No,No,$0,#NAME?,365,0,#NAME?,1,#NAME?,Pre-Product,,No,0,1,No,No,Yes,No,0,2,0,0,,0,0,59,No,,,,,,,,,,,,,,,,,,,,,,,,,,,,,,,,,,,,,,,,,,,,,,0.00,,0.00,,59.00,#NAME?,,#NAME?,1.0,,,#NAME?,CAFES,10.0%,Early,,#NAME?,#NAME?,#NAME?,#NAME?,No,,1.0,1.0,2.0,1.0,#NAME?,100%,1,46%,2,16%,No,72%,No,Yes,No,,Transactional,60%,B2B/B2C,28%,Low,47%,Low,41%,,1.0,#NAME?,#NAME?,#NAME?,#NAME?,#NAME?,Pre-Product,22%,,#NAME?,#NAME?,#NAME?,#NAME?,No,77%,0%,1%,0%,1%,,,#NAME?,#NAME?
,Dan,1740066,Bum Butt Corporation,01/02/2020 2:00 PM,Razitall,https://www.razitall.com/pitch/bum-butt-wipes-container,https://www.sec.gov/Archives/edgar/data/1740066/000166828719000036/xslC_X01/primary_doc.xml,09/04/2019,Bum Butt Corporation,Bum Butt Wipes & Container,,Consumer Goods & Services,Non-Tech,Early,Pre-Seed,RegCF,,CAFES,,,,"$464,285",0%,"$464,285",464285,#NAME?,Transactional,B2B/B2C,Life Style,Yes,Low,Low,No,,17590000000,#NAME?,17590000000,#NAME?,0.06,#NAME?,5-10,Low,Low,Similar to others,,,No,No,No,No,$0,#NAME?,1194,5870,#NAME?,0.203407155,#NAME?,Pre-Revenue,,No,0,1,No,No,Yes,No,2,2,0,0,,0,0,49,No,,,,,,,,,,,,,,,,,,,,,,,,,,,,,,,,,,,,,,,,,,,,,,0.00,,0.00,,49.00,#NAME?,,#NAME?,1.0,,,#NAME?,CAFES,10.0%,Early,,#NAME?,#NAME?,#NAME?,#NAME?,No,,1.0,1.0,2.0,1.0,#NAME?,100%,1,46%,2,16%,No,72%,No,Yes,No,,Transactional,60%,B2B/B2C,28%,Low,47%,Low,41%,,1.0,#NAME?,#NAME?,#NAME?,#NAME?,#NAME?,Pre-Revenue,20%,,#NAME?,#NAME?,#NAME?,#NAME?,No,77%,0%,1%,0%,1%,,,#NAME?,#NAME?
,Dan,1796828,Lyons Ave Renaissance,01/02/2020 2:18 PM,Buy The Block,https://buytheblock.com/campaign/buying-the-block-in-historic-5th-ward-houston,https://www.sec.gov/Archives/edgar/data/1796828/000179682820000002/xslC_X01/primary_doc.xml,01/17/2020,3204 Lyons Avenue LLC,,,Real Estate & Construction,Non-Tech,Early,Seed,RegCF,,Equity - Common,,,"$2,660,000",,,,2660000,#NAME?,Recurring,B2B/B2C,Life Style,Yes,Low,High,No,,7.52222E+11,#NAME?,7.52222E+11,#NAME?,0.05,#NAME?,> 50,Low,Low,Similar to others,,,No,No,No,No,$0,#NAME?,0,50000,#NAME?,1,#NAME?,Pre-Product,,No,0,1,Yes,No,Yes,No,1,2,0,0,,9,0,36,No,,,,,,,,,,,,,,,,,,,,,,,,,,,,,,,,,,,,,,,,,,,,,,9.00,,0.00,,36.00,#NAME?,,#NAME?,,,,#NAME?,Equity - Common,32.2%,Early,,#NAME?,#NAME?,#NAME?,#NAME?,No,,1.9,1.0,2.9,1.7,#NAME?,100%,1,46%,2,16%,Yes,28%,No,Yes,No,,Recurring,40%,B2B/B2C,28%,Low,47%,High,59%,,1.0,#NAME?,#NAME?,#NAME?,#NAME?,#NAME?,Pre-Product,22%,,#NAME?,#NAME?,#NAME?,#NAME?,No,77%,0%,1%,0%,1%,,,#NAME?,#NAME?
,Dan,1780452,BitiCar,01/02/2020 2:23 PM,CrowdSource Funded,https://crowdsourcefunded.com/offerings/14/cycles/14,https://www.sec.gov/Archives/edgar/data/1780452/000178045220000001/xslC_X01/primary_doc.xml,01/02/2020,"Globocoin 1, LLC",BitiCar,,"Transportation, Automotive, Aviation, & Aerospace",Non-Tech,Early,Pre-Seed,RegCF,,Equity - Common,,,"$25,000,000",,,,25000000,#NAME?,Transactional,B2C,Life Style,Yes,Low,High,No,,88080000000,#NAME?,88080000000,#NAME?,0.2,#NAME?,10-20,Low,Low,Similar to others,,,No,No,No,No,$0,#NAME?,48,0,#NAME?,1,#NAME?,Pre-Product,,No,0,1,No,No,No,No,1,1,0,0,,0,0,42,No,,,,,,,,,,,,,,,,,,,,,,,,,,,,,,,,,,,,,,,,,,,,,,0.00,,0.00,,42.00,#NAME?,,#NAME?,,,,#NAME?,Equity - Common,32.2%,Early,,#NAME?,#NAME?,#NAME?,#NAME?,No,,1.0,1.0,2.0,1.0,#NAME?,100%,1,46%,1,8%,No,72%,No,No,No,,Transactional,60%,B2C,41%,Low,47%,High,59%,,1.0,#NAME?,#NAME?,#NAME?,#NAME?,#NAME?,Pre-Product,22%,,#NAME?,#NAME?,#NAME?,#NAME?,No,77%,0%,1%,0%,1%,,,#NAME?,#NAME?
,Dan,1626196,Geoship,01/03/2020 10:28 AM,StartEngine,https://www.startengine.com/geoship,https://www.sec.gov/Archives/edgar/data/1626196/000166516020000157/xslC_X01/primary_doc.xml,02/26/2020,Geoship SPC,Geoship,,Real Estate & Construction,PropTech,Early,Seed,RegCF,,Equity - Common,,,"$8,996,400",,,,8996400,#NAME?,Transactional,B2B/B2C,Life Style,Yes,Low,High,No,,2.229E+13,#NAME?,2.229E+13,#NAME?,0.09,#NAME?,5-10,High,High,Obviously better than others,,,Yes,Yes,No,No,$0,#NAME?,6131,353664,#NAME?,0.017335663,#NAME?,Pre-Product,,Yes,1,2,No,No,No,No,3,5,13,0,,0,0,42,No,,0,0,37,No,,,,,,,,,,,,,,,,,,,,,,,,,,,,,,,,,,,,,,,,,0.00,,0.00,,39.50,#NAME?,,#NAME?,,,,#NAME?,Equity - Common,32.2%,Early,,#NAME?,#NAME?,#NAME?,#NAME?,Yes,,1.0,1.0,2.0,1.0,#NAME?,100%,2,46%,5,13%,No,72%,No,No,No,,Transactional,60%,B2B/B2C,28%,Low,47%,High,59%,,1.0,#NAME?,#NAME?,#NAME?,#NAME?,#NAME?,Pre-Product,22%,,#NAME?,#NAME?,#NAME?,#NAME?,Yes,23%,0%,1%,0%,1%,,,#NAME?,#NAME?
,Dan,1446275,LiquidPiston,01/03/2020 10:31 AM,StartEngine,https://www.startengine.com/liquidpiston,https://www.sec.gov/Archives/edgar/data/1446275/000166516020000007/xslC_X01/primary_doc.xml,01/02/2020,"LiquidPiston, LLC",LiquidPiston,,"Transportation, Automotive, Aviation, & Aerospace",CleanTech,Growth,Series C,RegCF,,Equity - Common,,,"$51,633,010",,,,51633010,#NAME?,Transactional,B2B/B2C,High Growth,Yes,Low,High,Yes,,2.185E+11,#NAME?,2.185E+11,#NAME?,0.05,#NAME?,20-30,High,High,Obviously better than others,,,Yes,Yes,Yes,Yes,"$2,840,294",#NAME?,79142,21865751,#NAME?,0.00361945,#NAME?,Pre-Profit,,Yes,2,2,Yes,No,No,No,4,19,0,0,,9,0,39,Yes,,16,0,67,No,,,,,,,,,,,,,,,,,,,,,,,,,,,,,,,,,,,,,,,,,12.50,,0.00,,53.00,#NAME?,,#NAME?,,,,#NAME?,Equity - Common,32.2%,Growth,,#NAME?,#NAME?,#NAME?,#NAME?,Yes,,2.2,1.0,3.2,1.9,#NAME?,100%,2,46%,19,1%,Yes,28%,No,No,No,,Transactional,60%,B2B/B2C,28%,Low,47%,High,59%,,5.0,#NAME?,#NAME?,#NAME?,#NAME?,#NAME?,Pre-Profit,51%,,#NAME?,#NAME?,#NAME?,#NAME?,Yes,23%,0%,1%,0%,1%,,,#NAME?,#NAME?
,Dan,1777274,Oracle Health,01/06/2020 11:23 AM,Microventures,https://app.microventures.com/crowdfunding/oracle-health,https://www.sec.gov/Archives/edgar/data/1777274/000177727420000004/xslC_X01/primary_doc.xml,02/26/2020,Oracle Health Inc.,Oracle Health,,"Healthcare, Fitness, Wellness, & Pharmaceuticals",MedTech,Early,Seed,RegCF,,SAFE,,,,"$5,000,000",20%,"$4,000,000",4000000,#NAME?,Transactional,B2B/B2C,High Growth,Yes,High,Low,Yes,,21450000000,#NAME?,21450000000,#NAME?,0.04,#NAME?,10-20,High,High,Obviously better than others,,,Yes,Yes,No,No,$0,#NAME?,5508,60000,#NAME?,0.0918,#NAME?,Pre-Revenue,,Yes,1,1,Yes,No,Yes,No,2,1,6,0,,13,0,42,Yes,,,,,,,,,,,,,,,,,,,,,,,,,,,,,,,,,,,,,,,,,,,,,,13.00,,0.00,,42.00,#NAME?,,#NAME?,3.1,,,#NAME?,SAFE,37.8%,Early,,#NAME?,#NAME?,#NAME?,#NAME?,Yes,,2.2,1.0,3.2,2.0,#NAME?,100%,1,46%,1,8%,Yes,28%,No,Yes,No,,Transactional,60%,B2B/B2C,28%,High,53%,Low,41%,,1.0,#NAME?,#NAME?,#NAME?,#NAME?,#NAME?,Pre-Revenue,20%,,#NAME?,#NAME?,#NAME?,#NAME?,Yes,23%,0%,1%,0%,1%,,,#NAME?,#NAME?
