writer,cik,company,date_created,platform,platform_url,sec_filing_url,sec_filing_date,legal_name,dba,industry,tech_sector,stage,series,crowdfunding_type_1,crowdfunding_type_2,security_type,rev_share_return_multiple,debt_interest_rate,pre_money_valuation,valuation_cap,discount_rate,valuation_cap_after_discount,valuations_combined,valuations_brackets,revenue_model,distrubution_model,business_type,has_scalable_business_model,margin_level,capital_intensity_level,accelerator_program,market_size_total,market_size_total_buckets,market_size_addressable,market_size_addressable_buckets,market_growth_rate,market_growth_rate_buckets,direct_competitors,differentiation_level_quality,differentiation_level_price,how_is_it_10x_better,barriers_to_entry,threat_of_substitute_products,has_social_impact,has_patents,has_users,has_paying_customers,total_revenue,total_revenue_brackets,monthly_burn,prior_rounds_total_amount_raised,prior_rounds_total_amount_raised_buckets,monthly_burn_rate,monthly_burn_rate_of_capital_buckets,development_phase,bio_development_phase,has_partnerships,relevant_partners,founders,has_shared_experience,has_female_founders,has_minority_founders,has_famous_founders,unique_universities,employees,relevent_advisors,notable_investors,spacer founder 1,founder_1_relevant_industry_experience,founder_1_previous_startups,founder_1_exits,founder_1_age,founder_1_graduated_from_top_100,spacer founder 2,founder_2_relevant_industry_experience,founder_2_previous_startups,founder_2_exits,founder_2_age,founder_2_graduated_from_top_100,spacer founder 3,founder_3_relevant_industry_experience,founder_3_previous_startups,founder_3_exits,founder_3_age,founder_3_graduated_from_top_100,spacer founder 4,founder_4_relevant_industry_experience,founder_4_previous_startups,founder_4_exits,founder_4_age,founder_4_graduated_from_top_100,spacer founder 5,founder_5_relevant_industry_experience,founder_5_previous_startups,founder_5_exits,founder_5_age,founder_5_graduated_from_top_100,spacer founder 6,founder_6_relevant_industry_experience,founder_6_previous_startups,founder_6_exits,founder_6_age,founder_6_graduated_from_top_100,spacer founder 7,founder_7_relevant_industry_experience,founder_7_previous_startups,founder_7_exits,founder_7_age,founder_7_graduated_from_top_100,spacer founder 8,founder_8_relevant_industry_experience,founder_8_previous_startups,founder_8_exits,founder_8_age,founder_8_graduated_from_top_100,spacer founder 9,founder_9_relevant_industry_experience,founder_9_previous_startups,founder_9_exits,founder_9_age,founder_9_graduated_from_top_100,,,,
Olivia,1778006,Weeds Never Sleep,7/3/2019 11:08,TruCrowd,https://us.trucrowd.com/equity/offer-summary/WeedsNeverSleep,https://disclosurequest.com/form/weeds-never-sleep-llc/0001778006-19-000001/?returnURL=,6/25/2019,Weeds Never Sleep LLC,Weeds Never Sleep or HotZot,Consumer Goods,AgriTech,Early,Pre-Seed,RegCF,,SAFE,,,,"$2,500,000 ",0%,"$2,500,000 ",2500000,#NAME?,Transactional,B2C,Life Style,No,High,High,No,"$16,000,000,000 ",#NAME?,"$1,000,000,000 ",#NAME?,2.70%,#NAME?,6,High,Low,Similar to others,Low,High,No,Yes,No,No,0,#NAME?,10483,$0 ,#NAME?,100.00%,#NAME?,Pre-Revenue,,No,0,2,No,Yes,No,No,3,2,3,0,,9,0,0,50,No,,,,,,,,,,,,,,,,,,,,,,,,,,,,,,,,,,,,,,,,,,,,,,,,,,,,
Olivia,1720258,StorEn Technologies,7/4/2019 8:55,StartEngine,https://www.startengine.com/storen-technologies,https://www.sec.gov/Archives/edgar/data/1720258/000166516019000762/xslC_X01/primary_doc.xml,7/3/2019,StorEn Technologies,StorEn Technologies,Consumer Goods,CleanTech,Early,Pre-Seed,RegCF,,Equity - Common,,,"$28,100,000 ",,,,28100000,#NAME?,Transactional,B2C,Life Style,No,High,High,Yes,"$8,000,000,000 ",#NAME?,"$400,000,000 ",#NAME?,38.00%,#NAME?,10,High,Low,Similar to others,High,High,Yes,No,No,No,0,#NAME?,40745,"$659,800 ",#NAME?,6.18%,#NAME?,Pre-Revenue,,Yes,2,2,Yes,No,No,No,5,4,7,0,,1,0,0,53,No,,15,2,2,50,No,,,,,,,,,,,,,,,,,,,,,,,,,,,,,,,,,,,,,,,,,,,,,,
Olivia,1753677,Palouse Ag-Drone Services,7/11/2019 14:41,Razitall,https://www.razitall.com/pitch/the-ag-drone-an-eye-in-the-sky-for-farmers,https://disclosurequest.com/form/palouse-ag-drone-services-llc/0001668287-18-000070/?returnURL=,10/4/2018,Palouse Ag-Drone Services LLC,The Ag-Drone,Farming,AgriTech,Early,Pre-Seed,RegCF,,CAFES,,,,"$400,000 ",0%,"$400,000 ",400000,#NAME?,Transactional,B2C,Life Style,No,High,High,No,"$5,800,000,000 ",#NAME?,"$1,200,000,000 ",#NAME?,31.40%,#NAME?,7,Low,High,Similar to others,Low,High,No,No,No,No,0,#NAME?,0,$0 ,#NAME?,100.00%,#NAME?,Pre-Product,,No,0,1,No,No,No,No,0,1,0,0,,0,0,0,45,No,,,,,,,,,,,,,,,,,,,,,,,,,,,,,,,,,,,,,,,,,,,,,,,,,,,,
Olivia,1765620,El Tinieblo International,7/13/2019 10:14,StartEngine,https://www.startengine.com/el-tinieblo-international,https://www.sec.gov/Archives/edgar/data/1765620/000166516019000777/xslC_X01/primary_doc.xml,7/12/2019,"El Tinieblo International, Inc. ",El Tinieblo International,Wine & Spirits,Non-Tech,Early,Pre-Seed,RegCF,,Equity - Common,,,"$7,500,000 ",,,,7500000,#NAME?,Transactional,B2B2C,Life Style,No,Low,High,No,"$1,500,000,000 ",#NAME?,"$242,000,000 ",#NAME?,13.00%,#NAME?,240,High,Low,Similar to others,Low,High,No,No,No,No,0,#NAME?,564,$0 ,#NAME?,100.00%,#NAME?,Pre-Revenue,,Yes,1,1,No,No,No,No,1,9,1,0,,0,2,0,45,No,,,,,,,,,,,,,,,,,,,,,,,,,,,,,,,,,,,,,,,,,,,,,,,,,,,,
Olivia,1777377,Spero CBD,7/16/2019 10:34,StartEngine,https://www.startengine.com/spero-cbd,https://www.sec.gov/Archives/edgar/data/1777377/000166516019000782/xslC_X01/primary_doc.xml,7/15/2019,Noble Naturals,Spero CBD,Cannabis and CBD,Non-Tech,Early,Pre-Seed,RegCF,,Convertible Note,,,,"$6,000,000 ",20%,"$4,800,000 ",4800000,#NAME?,Transactional,B2C,Life Style,Yes,High,High,No,"$308,000,000,000 ",#NAME?,"$270,000,000 ",#NAME?,44.00%,#NAME?,25,High,Low,Similar to others,High,High,No,No,No,Yes,140,#NAME?,2380,$0 ,#NAME?,100.00%,#NAME?,Pre-Profit,,No,0,4,No,Yes,No,No,3,8,1,0,,0,1,0,42,No,,15,0,0,,No,,0,0,0,42,Yes,,,,,,,,,,,,,,,,,,,,,,,,,,,,,,,,,,,,,,,,
Olivia,1654124,Rayton Solar,7/17/2019 10:21,StartEngine,https://www.startengine.com/raytonone,https://www.sec.gov/Archives/edgar/data/1654124/000166516019000786/xslC_X01/primary_doc.xml,7/17/2019,Rayton Solar Inc.,Rayton,Consumer Goods,HardwareTech,Early,Series A,RegCF,,Convertible Note,,,,"$50,000,000 ",30%,"$35,000,000 ",35000000,#NAME?,Transactional,B2B,Life Style,No,High,High,No,"$463,000,000,000 ",#NAME?,"$650,000,000 ",#NAME?,11.00%,#NAME?,11,High,High,Obviously better than others,High,Low,No,Yes,No,No,0,#NAME?,214774,"$9,300,000 ",#NAME?,2.31%,#NAME?,Pre-Product,,No,0,1,No,No,Yes,No,1,5,4,1,,11,1,0,34,Yes,,,,,,,,,,,,,,,,,,,,,,,,,,,,,,,,,,,,,,,,,,,,,,,,,,,,
Olivia,1782663,The Human Baton,7/18/2019 13:06,NetCapital,https://netcapital.com/companies/thb,https://www.sec.gov/Archives/edgar/data/1782663/000166919119000236/xslC_X01/primary_doc.xml,7/18/2019,"THB Holdco, LLC.",The Human Baton,Entertainment,Non-Tech,Early,Pre-Seed,RegCF,,Equity - Preferred,,,"$13,916,596 ",,,,13916596,#NAME?,Recurring,B2B,Life Style,No,High,High,No,"$2,200,000,000,000 ",#NAME?,"$100,000,000 ",#NAME?,3.50%,#NAME?,100,Low,Low,Similar to others,High,High,No,No,No,No,0,#NAME?,4492,$0 ,#NAME?,100.00%,#NAME?,Pre-Product,,No,0,2,Yes,No,No,No,3,11,0,0,,15,0,0,50,No,,15,0,0,50,No,,,,,,,,,,,,,,,,,,,,,,,,,,,,,,,,,,,,,,,,,,,,,,
Olivia,1782651,Thalia Brands,7/18/2019 13:17,StartEngine,https://www.startengine.com/thalia,https://www.startengine.com/thalia,7/18/2019,"Thalia Brands, Inc.",Thalia Brands,Consumer Goods,Non-Tech,Early,Pre-Seed,RegCF,,Equity - Common,,,"$8,000,000 ",,,,8000000,#NAME?,Transactional,B2C,Life Style,No,High,High,No,"$1,000,000,000 ",#NAME?,"$400,000,000 ",#NAME?,3.00%,#NAME?,10,High,Low,Similar to others,Low,High,No,Yes,No,Yes,2183575,#NAME?,21203,$0 ,#NAME?,100.00%,#NAME?,Profitable,,Yes,1,2,No,Yes,No,No,1,14,1,0,,0,2,0,48,No,,0,0,0,17,No,,,,,,,,,,,,,,,,,,,,,,,,,,,,,,,,,,,,,,,,,,,,,,
Olivia,1781955,Dome Audio,7/29/2019 19:49,NetCapital,https://netcapital.com/companies/dome-audio,https://www.sec.gov/Archives/edgar/data/1781955/000166919119000259/xslC_X01/primary_doc.xml,7/29/2019,"Dome Audio, Inc.",Dome Audio,Consumer Elecronics,MediaTech,Early,Pre-Seed,RegCF,,Equity - Common,,,"$16,000,000 ",,,,16000000,#NAME?,Transactional,B2C,Life Style,No,Low,High,No,"$10,520,000,000 ",#NAME?,"$26,300,000 ",#NAME?,5.90%,#NAME?,10,Low,Low,Similar to others,Low,High,No,Yes,No,No,0,#NAME?,0,$0 ,#NAME?,100.00%,#NAME?,Pre-Revenue,,Yes,3,1,No,No,Yes,No,1,7,1,0,,20,0,0,55,No,,,,,,,,,,,,,,,,,,,,,,,,,,,,,,,,,,,,,,,,,,,,,,,,,,,,
Olivia,1706939,kulaBrands,8/5/2019 19:23,TruCrowd,https://us.trucrowd.com/equity/offer-summary/kulaBrands,https://www.sec.gov/Archives/edgar/data/1706939/000170693919000002/xslC_X01/primary_doc.xml,8/1/2019,"kulaBrands, Inc.",kulaBrands,Financial Services,FinTech,Early,Pre-Seed,RegCF,,Equity - Common,,,"$17,507,365 ",,,,17507365,#NAME?,Transactional,B2C,High Growth,Yes,Low,Low,No,"$10,200,000,000 ",#NAME?,"$781,600,000 ",#NAME?,5.40%,#NAME?,12,Low,Low,Obviously worse than others,Low,High,Yes,Yes,Yes,Yes,1258601,#NAME?,4281,$0 ,#NAME?,100.00%,#NAME?,Pre-Profit,,No,0,1,No,No,No,No,0,19,1,0,,8,1,0,54,No,,,,,,,,,,,,,,,,,,,,,,,,,,,,,,,,,,,,,,,,,,,,,,,,,,,,
Olivia,1752964,Axleai,,Republic,https://republic.co/axle-ai,https://www.sec.gov/Archives/edgar/data/1752964/000175296420000003/xslC_X01/primary_doc.xml,3/16/2020,"Axle AI, Inc.",Axle.ai,Computer Software,MediaTech,Early,Pre-Seed,RegCF,,SAFE,,,,"$7,000,000 ",20%,"$5,600,000 ",5600000,#NAME?,Recurring,B2B,High Growth,Yes,High,Low,Yes,"$390,000,000,000 ",#NAME?,"$5,000,000,000 ",#NAME?,18.20%,#NAME?,15,High,Low,Obviously better than others,Low,High,No,No,Yes,Yes,853807,#NAME?,20734,"$377,000 ",#NAME?,5.50%,#NAME?,Pre-Profit,,No,0,1,No,No,No,No,1,11,0,4,,13,3,0,60,Yes,,,,,,,,,,,,,,,,,,,,,,,,,,,,,,,,,,,,,,,,,,,,,,,,,,,,
Olivia,1806624,"Bruno Albouze, Inc.",,StartEngine,https://www.startengine.com/bruno-albouze-inc,https://www.sec.gov/Archives/edgar/data/1806624/000166516020000225/xslC_X01/primary_doc.xml,3/13/2020,Bruno Albouze Inc.,Bruno Albouze,Food & Beverages,Non-Tech,Early,Pre-Seed,RegCF,,Equity - Common,,,"$6,410,000 ",,,,6410000,#NAME?,Transactional,B2C,Life Style,No,Low,High,No,"$203,800,000,000 ",#NAME?,"$3,000,000,000 ",#NAME?,3.00%,#NAME?,100,Low,Low,Similar to others,Low,High,No,No,Yes,No,0,#NAME?,0,$0 ,#NAME?,100.00%,#NAME?,Pre-Revenue,,No,0,1,No,No,No,Yes,0,1,0,0,,35,0,0,49,No,,,,,,,,,,,,,,,,,,,,,,,,,,,,,,,,,,,,,,,,,,,,,,,,,,,,
Olivia,1802409,FIREPIE,,WeFunder,https://wefunder.com/firepie,https://www.sec.gov/Archives/edgar/data/1802409/000167025420000099/xslC_X01/primary_doc.xml,2/10/2020,"Fasty Fresh, Inc.",FIREPIE,Food & Beverages,Non-Tech,Early,Pre-Seed,RegCF,,SAFE,,,,"$4,500,000 ",20%,"$3,600,000 ",3600000,#NAME?,Transactional,B2C,Life Style,Yes,Low,High,No,"$47,000,000,000 ",#NAME?,"$10,000,000,000 ",#NAME?,1.90%,#NAME?,100,High,Low,Similar to others,Low,High,No,No,Yes,Yes,1282750,#NAME?,24193,"$435,700 ",#NAME?,5.55%,#NAME?,Pre-Profit,,No,0,1,No,No,No,No,1,5,0,2,,0,1,0,49,No,,,,,,,,,,,,,,,,,,,,,,,,,,,,,,,,,,,,,,,,,,,,,,,,,,,,
Olivia,1736388,R3 Printing,,StartEngine,https://www.startengine.com/r3printinginc,https://www.sec.gov/Archives/edgar/data/1736388/000166516020000248/xslC_X01/primary_doc.xml,3/17/2020,"R3 Printing, Inc.",R3 Printing,Printing,CommerceTech,Early,Pre-Seed,RegCF,,Convertible Note,,,,"$8,000,000 ",18%,"$6,560,000 ",6560000,#NAME?,Transactional,B2B,High Growth,Yes,High,High,Yes,"$9,900,000,000 ",#NAME?,"$8,440,000,000 ",#NAME?,17.70%,#NAME?,20,High,Low,Obviously better than others,Low,High,No,Yes,No,No,0,#NAME?,14347,"$550,000 ",#NAME?,2.61%,#NAME?,Pre-Product,,Yes,7,1,No,No,No,No,2,5,1,2,,2,0,0,28,Yes,,,,,,,,,,,,,,,,,,,,,,,,,,,,,,,,,,,,,,,,,,,,,,,,,,,,
Olivia,1689683,Our Life Foods,,MicroVentures,https://app.microventures.com/crowdfunding/a-cajun-life,https://www.sec.gov/Archives/edgar/data/1689683/000168968320000002/xslC_X01/primary_doc.xml,3/18/2020,"Our Life Foods, Inc.",Our Life Foods,Food & Beverages,Non-Tech,Early,Pre-Seed,RegCF,,Convertible Note,,,,"$4,000,000 ",20%,"$3,200,000 ",3200000,#NAME?,Transactional,B2B/B2C,Life Style,No,Low,High,Yes,"$806,000,000,000 ",#NAME?,"$12,500,000,000 ",#NAME?,11.80%,#NAME?,3,High,Low,Similar to others,Low,High,No,No,Yes,Yes,489576,#NAME?,12123,$0 ,#NAME?,100.00%,#NAME?,Pre-Profit,,Yes,9,1,No,No,No,No,1,2,0,0,,9,0,0,39,No,,,,,,,,,,,,,,,,,,,,,,,,,,,,,,,,,,,,,,,,,,,,,,,,,,,,
Olivia,1807032,"Penny Luck Shoes, Inc.",,StartEngine,https://www.startengine.com/penny-luck,https://www.sec.gov/Archives/edgar/data/1807032/000166516020000258/xslC_X01/primary_doc.xml,3/19/2020,"Penny Luck Shoes, Inc.",Penny Luck Shoes,Apparel & Fashion,Non-Tech,Early,Pre-Seed,RegCF,,Equity - Common,,,"$7,100,000 ",,,,7100000,#NAME?,Transactional,B2C,Life Style,No,Low,High,No,"$207,600,000,000 ",#NAME?,"$28,800,000 ",#NAME?,6.20%,#NAME?,32,High,Low,Similar to others,Low,High,Yes,No,Yes,Yes,244163,#NAME?,2256,$0 ,#NAME?,100.00%,#NAME?,Pre-Profit,,Yes,1,1,No,No,No,No,1,3,0,0,,0,1,0,30,Yes,,,,,,,,,,,,,,,,,,,,,,,,,,,,,,,,,,,,,,,,,,,,,,,,,,,,
Olivia,1805193,Ouro Goods,,StartEngine,https://www.startengine.com/younggodbrands,https://www.sec.gov/Archives/edgar/data/1805193/000166516020000251/xslC_X01/primary_doc.xml,3/19/2020,Young God INC.,Ouro Goods,Apparel & Fashion,Non-Tech,Early,Pre-Seed,RegCF,,Equity - Common,,,"$5,490,000 ",,,,5490000,#NAME?,Transactional,B2C,Life Style,No,Low,High,No,"$25,000,000,000 ",#NAME?,"$3,600,000,000 ",#NAME?,6.50%,#NAME?,25,Low,Low,Similar to others,Low,Low,No,No,Yes,Yes,492684,#NAME?,2491,$0 ,#NAME?,100.00%,#NAME?,Pre-Profit,,No,0,1,No,No,No,No,1,2,0,0,,0,1,0,29,No,,,,,,,,,,,,,,,,,,,,,,,,,,,,,,,,,,,,,,,,,,,,,,,,,,,,
Olivia,1776308,Lifograph,2/18/2020 12:20,WeFunder,https://wefunder.com/lifograph,https://www.sec.gov/Archives/edgar/data/1776308/000167025420000084/xslC_X01/primary_doc.xml,2/5/2020,"LIFOGRAPH, INC.",Lifograph,Computer Software,MediaTech,Early,Pre-Seed,RegCF,,SAFE,,,,"$6,250,000 ",20%,"$5,000,000 ",5000000,#NAME?,Recurring,B2B,High Growth,Yes,High,Low,No,"$46,000,000,000 ",#NAME?,"$17,000,000,000 ",#NAME?,14.00%,#NAME?,6,High,Low,Similar to others,Low,High,No,No,Yes,Yes,52525,#NAME?,944,"$513,950 ",#NAME?,0.18%,#NAME?,Pre-Profit,,No,0,1,No,Yes,No,No,2,13,3,0,,0,1,0,45,Yes,,,,,,,,,,,,,,,,,,,,,,,,,,,,,,,,,,,,,,,,,,,,,,,,,,,,
Olivia,1799584,Wearwell,2/19/2020 11:03,Republic,https://republic.co/wearwell,https://www.sec.gov/Archives/edgar/data/1799584/000179958420000003/xslC_X01/primary_doc.xml,2/14/2020,"Wearwell, Inc.",Wearwell,Apparel & Fashion,Non-Tech,Early,Pre-Seed,RegCF,,SAFE,,,,"$8,000,000 ",10%,"$7,200,000 ",7200000,#NAME?,Recurring,B2C,Life Style,Yes,High,High,No,"$360,000,000,000 ",#NAME?,"$37,000,000,000 ",#NAME?,9.20%,#NAME?,15,High,Low,Similar to others,Low,High,Yes,No,Yes,Yes,56258,#NAME?,5555,"$200,000 ",#NAME?,2.78%,#NAME?,Pre-Profit,,Yes,0,2,Yes,Yes,No,No,3,3,0,0,,15,0,0,33,Yes,,3,0,0,34,Yes,,,,,,,,,,,,,,,,,,,,,,,,,,,,,,,,,,,,,,,,,,,,,,
Olivia,1708246,Jetoptera,2/20/2020 10:25,Microventures,https://app.microventures.com/crowdfunding/jetoptera,https://www.sec.gov/Archives/edgar/data/1708246/000170824620000001/xslC_X01/primary_doc.xml,2/19/2020,"Jetoptera, Inc.",Jetoptera,Transportation/Trucking/Railroad,HardwareTech,Early,Seed,RegCF,,Convertible Note,,,,"$22,000,000 ",20%,"$17,600,000 ",17600000,#NAME?,Transactional,B2B,Life Style,Yes,Low,High,Yes,"$7,100,000,000 ",#NAME?,"$3,500,000,000 ",#NAME?,5.80%,#NAME?,4,Low,Low,Similar to others,High,Low,No,Yes,No,No,0,#NAME?,138175,"$4,900,000 ",#NAME?,2.82%,#NAME?,Pre-Revenue,,Yes,2,3,No,Yes,No,No,7,5,0,0,,0,0,0,42,Yes,,14,0,0,39,Yes,,0,1,0,59,Yes,,,,,,,,,,,,,,,,,,,,,,,,,,,,,,,,,,,,,,,,
Olivia,1806364,Mevo,,WeFunder,https://wefunder.com/mevo,https://www.sec.gov/Archives/edgar/data/1806364/000167025420000189/xslC_X01/primary_doc.xml,3/16/2020,"Mevo, Inc.",Mevo,Computer Hardware,HardwareTech,Early,Pre-Seed,RegCF,,Equity - Preferred,,,"$12,000,000 ",,,,12000000,#NAME?,Transactional,B2C,Life Style,Yes,Low,High,No,"$184,000,000,000 ",#NAME?,"$42,600,000,000 ",#NAME?,20.40%,#NAME?,9,High,Low,Obviously better than others,Low,High,No,No,Yes,Yes,4428320,#NAME?,261255,"$3,274,790 ",#NAME?,7.98%,#NAME?,Pre-Profit,,Yes,1,1,No,No,No,No,0,27,0,1,,11,2,1,42,No,,,,,,,,,,,,,,,,,,,,,,,,,,,,,,,,,,,,,,,,,,,,,,,,,,,,
Olivia,1803906,TrustFund,,NetCapital,https://netcapital.com/companies/trustfund,https://www.sec.gov/Archives/edgar/data/1803906/000166919120000138/xslC_X01/primary_doc.xml,3/25/2020,"Impact X Partners, LLC",TrustFund,Financial Services,FinTech,Early,Seed,RegCF,,Equity - Common,,,"$2,500,000 ",,,,2500000,#NAME?,Recurring,B2C,High Growth,Yes,Low,Low,No,"$100,100,000,000 ",#NAME?,"$5,180,000,000 ",#NAME?,7.00%,#NAME?,25,Low,Low,Obviously worse than others,Low,High,No,No,No,No,0,#NAME?,3685,"$600,000 ",#NAME?,0.61%,#NAME?,Pre-Revenue,,Yes,10,2,No,No,No,No,2,4,0,0,,0,3,0,35,Yes,,20,1,0,45,Yes,,,,,,,,,,,,,,,,,,,,,,,,,,,,,,,,,,,,,,,,,,,,,,
Olivia,1759403,GRIT BXNG,,Republic,https://republic.co/grit,https://www.sec.gov/Archives/edgar/data/1759403/000121390020007152/xslC_X01/primary_doc.xml,3/23/2020,"Work Hard Play Hard Train Hard, Inc.",GRIT BXNG,"Health, Welness & Fitness",Non-Tech,Growth,Seed,RegCF,,Equity - Common,,,"$15,000,000 ",,,,15000000,#NAME?,Transactional,B2C,Life Style,Yes,Low,High,No,"$80,000,000,000 ",#NAME?,"$9,100,000,000 ",#NAME?,7.80%,#NAME?,15,High,Low,Similar to others,Low,High,No,No,Yes,Yes,0,#NAME?,53663,"$5,000,000 ",#NAME?,1.07%,#NAME?,Profitable,,No,0,3,Yes,Yes,No,No,5,12,0,7,,0,1,0,66,No,,0,0,0,25,Yes,,0,0,0,21,Yes,,,,,,,,,,,,,,,,,,,,,,,,,,,,,,,,,,,,,,,,
Olivia,1789874,SideHustle App,,WeFunder,https://wefunder.com/sidehustle.app,https://www.sec.gov/Archives/edgar/data/1789874/000167025420000184/xslC_X01/primary_doc.xml,3/13/2020,SideHustle App Inc,SideHustle App,Marketing & Advertising,CommerceTech,Early,Pre-Seed,RegCF,,SAFE,,,,"$2,400,000 ",20%,"$1,920,000 ",1920000,#NAME?,Transactional,B2B,High Growth,Yes,Low,Low,No,"$337,800,000,000 ",#NAME?,"$11,000,000,000 ",#NAME?,22.90%,#NAME?,80,Low,Low,Obviously worse than others,Low,High,No,No,Yes,Yes,26316,#NAME?,2619,$0 ,#NAME?,100.00%,#NAME?,Pre-Profit,,No,0,1,No,No,Yes,No,0,5,0,0,,0,0,0,42,No,,,,,,,,,,,,,,,,,,,,,,,,,,,,,,,,,,,,,,,,,,,,,,,,,,,,
Olivia,1776458,Kazoo,,WeFunder,https://wefunder.com/kazoo,https://www.sec.gov/Archives/edgar/data/1776458/000167025420000119/xslC_X01/primary_doc.xml,2/18/2020,Kazoo LLC,Kazoo,Computer Software,MediaTech,Early,Pre-Seed,RegCF,,Convertible Note,,,,"$2,750,000 ",20%,"$2,200,000 ",2200000,$2M - $4M,Recurring,B2B/B2C,High Growth,Yes,High,Low,No,"$12,900,000,000 ",$10B-$25B,"$446,000,000 ",$250M-$500M,16.00%,10%-20%,7,Low,High,Obviously worse than others,Low,High,No,No,No,No,0,< $10K,10852,"$434,179 ",$100K - $500K,2.50%,< 10%,Pre-Revenue,,Yes,2,2,No,Yes,Yes,No,2,5,0,2,,2,3,0,42,No,,0,3,0,,Yes,,,,,,,,,,,,,,,,,,,,,,,,,,,,,,,,,,,,,,,,,,,,,,
Olivia,1804160,Next Door Photos,,WeFunder,https://wefunder.com/next.door.photos,https://www.sec.gov/Archives/edgar/data/1804160/000167025420000193/xslC_X01/primary_doc.xml,3/19/2020,"3DMia, LLC",Next Door Photos,Marketing & Advertising,MarketplaceTech,Early,Seed,RegCF,,Equity - Common,,,"$8,000,000 ",,,,8000000,$6M - $8M,Transactional,B2B,Life Style,Yes,High,Low,No,"$2,000,000,000 ",$1B-$5B,"$74,000,000 ",$50M-$100M,9.50%,0%-10%,0,High,High,Obviously better than others,Low,High,No,No,Yes,Yes,931839,$500K - $1M,51577,"$1,685,000 ",$1M - $2M,3.06%,< 10%,Pre-Profit,,Yes,300,2,No,No,No,No,2,66,0,1,,0,0,0,53,No,,0,0,0,33,No,,,,,,,,,,,,,,,,,,,,,,,,,,,,,,,,,,,,,,,,,,,,,,
Olivia,1804004,Clear Genius,,StartEngine,https://www.startengine.com/clear-genius,https://www.sec.gov/Archives/edgar/data/1804004/000166516020000276/xslC_X01/primary_doc.xml,3/27/2020,Clear Genius Inc.,Clear Genius,Consumer Goods,Non-Tech,Early,Pre-Seed,RegCF,,Equity - Common,,,,"$5,500,000 ",,"$5,500,000 ",5500000,$4M - $6M,Recurring,B2C,Life Style,No,Low,High,No,"$8,600,000,000 ",$5B-$10B,"$2,000,000,000 ",$1B-$5B,15.90%,10%-20%,10,Low,Low,Similar to others,Low,High,Yes,Yes,Yes,Yes,266848,$100K - $500K,37415,$0 ,< $10K,100.00%,90% - 100%,Pre-Profit,,No,0,1,No,No,No,No,1,8,1,0,,0,1,0,42,No,,,,,,,,,,,,,,,,,,,,,,,,,,,,,,,,,,,,,,,,,,,,,,,,,,,,
Olivia,1808015,Infinovate,,NetCapital,https://netcapital.com/companies/infinovate,https://www.sec.gov/Archives/edgar/data/1808015/000166919120000164/xslC_X01/primary_doc.xml,4/7/2020,Infinovate LLC,Infinovate,Financial Services,FinTech,Early,Pre-Seed,RegCF,,Equity - Common,,,,"$10,000,000 ",,"$10,000,000 ",10000000,$8M - $10M,Recurring,B2B,High Growth,Yes,High,Low,No,"$127,660,000,000 ",$100B-$250B,"$3,000,000,000 ",$1B-$5B,11.50%,10%-20%,25,Low,Low,Obviously worse than others,Low,High,No,No,No,No,0,< $10K,52766,$0 ,< $10K,100.00%,90% - 100%,Pre-Product,,No,0,2,No,Yes,No,No,2,4,0,0,,17,0,0,40,Yes,,11,0,0,,No,,,,,,,,,,,,,,,,,,,,,,,,,,,,,,,,,,,,,,,,,,,,,,
Olivia,1738026,Reflex Project,,Republic,https://republic.co/reflex-protect,https://www.sec.gov/Archives/edgar/data/1738026/000173802620000002/xslC_X01/primary_doc.xml,4/9/2020,"Reflex Red Storm, LLC",Reflex Protect,Consumer Goods,Non-Tech,Growth,Seed,RegCF,,SAFE,,,,"$9,000,000 ",0%,"$9,000,000 ",9000000,$8M - $10M,Transactional,B2B/B2C,Life Style,No,High,High,No,"$2,400,000,000 ",$1B-$5B,"$26,000,000 ",$25M-$50M,15.00%,10%-20%,3,High,Low,Obviously better than others,High,Low,Yes,Yes,Yes,Yes,238234,$100K - $500K,37509,"$1,125,000 ",$1M - $2M,3.33%,< 10%,Pre-Profit,,Yes,76,2,No,No,No,No,2,8,0,1,,0,1,0,55,Yes,,0,0,0,,,,,,,,,,,,,,,,,,,,,,,,,,,,,,,,,,,,,,,,,,,,,,,,
Francis,1786855,College Coaching Network,,NetCapital,https://netcapital.com/companies/college-coaching-network,https://www.sec.gov/Archives/edgar/data/1786855/000166919120000144/xslC_X01/primary_doc.xml,3/27/2020,College Coaching Network Inc.,College Coaching Network,Education Management,EdTech,Early,Seed,RegCF,,Equity - Common,,,"$2,529,820 ",,,,2529820,$2M - $4M,Recurring,B2B,High Growth,Yes,High,Low,,"$1,000,000,000 ",$1B-$5B,"$300,000,000 ",$250M-$500M,15.00%,10%-20%,20,High,Low,Obviously better than others,High,High,No,No,Yes,Yes,15000,$10K - $50K,0,$0 ,< $10K,100.00%,90% - 100%,Profitable,,Yes,15,2,No,No,Yes,No,2,7,2,0,,2,0,0,45,No,,5,0,0,45,No,,,,,,,,,,,,,,,,,,,,,,,,,,,,,,,,,,,,,,,,,,,,,,
Francis,1807984,All ebt Foundation,,Republic,https://republic.co/all_ebt,https://www.sec.gov/Archives/edgar/data/1807984/000180798420000003/xslC_X01/primary_doc.xml,3/30/2020,All ebt Foundation,All_ebt,Food & Beverages,FinTech,Early,Pre-Seed,RegCF,,SAFE,,,,"$5,000,000 ",0%,"$5,000,000 ",5000000,$4M - $6M,Recurring,B2C,High Growth,Yes,Low,Low,,"$50,000,000,000 ",$50B-$100B,"$5,000,000,000 ",$5B-$10B,20.00%,10%-20%,2,High,High,Obviously better than others,High,Low,Yes,No,No,No,0,< $10K,0,$0 ,< $10K,100.00%,90% - 100%,Pre-Product,,No,0,2,No,No,Yes,No,2,2,3,2,,3,0,0,36,No,,0,1,0,20,Yes,,,,,,,,,,,,,,,,,,,,,,,,,,,,,,,,,,,,,,,,,,,,,,
Francis,1807742,CricClubs,,Republic,https://republic.co/cricclubs,https://www.sec.gov/Archives/edgar/data/1807742/000180774220000002/xslC_X01/primary_doc.xml,3/27/2020,CricClubs Inc,CricClubs,Computer Software,MarketplaceTech,Early,Seed,RegCF,,SAFE,,,,"$12,500,000 ",20%,"$10,000,000 ",10000000,$8M - $10M,Transactional,B2C,High Growth,Yes,Low,Low,,"$50,000,000,000 ",$50B-$100B,"$10,000,000,000 ",$10B-$25B,-1.00%,< 0% (Shrinking Market),10,Low,Low,Similar to others,Low,High,No,No,Yes,Yes,574457,$500K - $1M,4000,"$205,000 ",$100K - $500K,1.95%,< 10%,Pre-Profit,,Yes,2,2,No,No,Yes,No,4,5,0,0,,8,0,0,40,No,,10,0,0,40,No,,,,,,,,,,,,,,,,,,,,,,,,,,,,,,,,,,,,,,,,,,,,,,
Francis,1804169,Indy Brand Clothing,,WeFunder,https://wefunder.com/indy.brand,https://www.sec.gov/Archives/edgar/data/1804169/000167025420000181/xslC_X01/primary_doc.xml,3/3/2020,"Indy Brand Clothing, LLC",Indy Brand Clothing,Apparel & Fashion,Non-Tech,Early,Seed,RegCF,,Equity - Common,,,"$5,000,000 ",,,,5000000,$4M - $6M,Transactional,B2C,Life Style,No,Low,High,,"$12,700,000,000 ",$10B-$25B,"$100,000,000 ",$100M-$250M,4.00%,0%-10%,50,Low,Low,Similar to others,Low,High,No,No,Yes,Yes,1639949,$1M - $2M,0,"$219,000 ",$100K - $500K,100.00%,90% - 100%,Profitable,,No,0,4,Yes,Yes,No,No,3,4,0,0,,8,1,0,35,No,,2,0,0,35,No,,5,0,0,35,No,,3,0,0,35,No,,,,,,,,,,,,,,,,,,,,,,,,,,,,,,,,,,
Francis,1759081,Solutions Vending International,,StartEngine,https://www.startengine.com/popcom,https://www.sec.gov/Archives/edgar/data/1759081/000166516020000288/xslC_X01/primary_doc.xml,3/31/2020,"Solutions Vending International, Inc.",Solutions Vending International,Retail,RetailTech,Early,Seed,RegCF,,Equity - Common,,,"$25,000,000 ",,,,25000000,$24M - $26M,Recurring,B2B,High Growth,Yes,High,High,,"$25,000,000,000 ",$25B-$50B,"$1,000,000,000 ",$1B-$5B,9.00%,0%-10%,5,High,Low,Obviously better than others,High,Low,No,No,Yes,Yes,0,< $10K,61642,"$1,800,000 ",$1M - $2M,3.42%,< 10%,Pre-Profit,,Yes,1,1,No,Yes,Yes,No,3,1,2,0,,5,3,0,41,No,,,,,,,,,,,,,,,,,,,,,,,,,,,,,,,,,,,,,,,,,,,,,,,,,,,,
Iliass,1774152,DoraHacks,8/14/2019 9:13,Republic,https://republic.co/dorahacks,https://www.sec.gov/cgi-bin/browse-edgar?CIK=0001774152&action=getcompany,12/19/2019,"TWENTY-SECOND CENTURY DORA TECHNOLOGY HOLDINGS, INC.",Dora Hacks,Human Resources,MarketplaceTech,Early,Pre-Seed,RegCF,,SAFE,,,,"$35,000,000 ",0%,"$35,000,000 ",35000000,#NAME?,Transactional,B2B/B2C,High Growth,Yes,High,Low,No,"$2,171,922,408 ",#NAME?,"$217,192,241 ",#NAME?,23.50%,#NAME?,20,High,Low,Similar to others,High,High,No,No,Yes,Yes,0,#NAME?,8874,"$2,000,000 ",#NAME?,0.44%,#NAME?,Pre-Profit,,Yes,10,2,Yes,Yes,Yes,No,4,10,5,3,,6,1,0,31,Yes,,0,0,0,29,No,,,,,,,,,,,,,,,,,,,,,,,,,,,,,,,,,,,,,,,,,,,,,,
Iliass,1725567,Neurotez,8/19/2019 9:42,NetCapital,https://netcapital.com/companies/neurotez,https://www.sec.gov/Archives/edgar/data/1725567/000166919119000295/xslC_X01/primary_doc.xml,8/5/2019,Neurotez Inc.,Neurotez Inc.,Biotechnology,BioTech,Early,Series A,RegCF,,Equity - Common,,,"$21,959,058 ",,,,21959058,#NAME?,Transactional,B2C,High Growth,No,High,High,No,"$4,160,000,000 ",#NAME?,"$748,800,000 ",#NAME?,8.00%,#NAME?,10,High,Low,Similar to others,High,Low,Yes,Yes,No,No,0,#NAME?,26434,"$4,500,000 ",#NAME?,0.59%,#NAME?,Pre-Product,Phase I,No,0,1,No,No,No,No,2,10,0,2,,26,0,0,58,No,,,,,,,,,,,,,,,,,,,,,,,,,,,,,,,,,,,,,,,,,,,,,,,,,,,,
Iliass,1785391,Vendaval,8/21/2019 11:40,Mr. Crowd,https://www.mrcrowd.com/company/VEND,https://www.sec.gov/Archives/edgar/data/1785391/000178539119000001/xslC_X01/primary_doc.xml,8/21/2019,Vendaval Corp.,Vendaval Corp,Real Estate,PropTech,Early,Pre-Seed,RegCF,,Equity - Preferred,,,"$20,000,000 ",,,,20000000,#NAME?,Transactional,B2C,High Growth,No,High,High,No,"$20,000,000 ",#NAME?,"$20,000,000 ",#NAME?,0.00%,#NAME?,,Low,Low,Similar to others,High,High,No,No,No,No,0,#NAME?,5333,$0 ,#NAME?,100.00%,#NAME?,Pre-Product,,No,0,1,No,No,Yes,No,1,1,0,0,,0,0,0,48,No,,,,,,,,,,,,,,,,,,,,,,,,,,,,,,,,,,,,,,,,,,,,,,,,,,,,
Iliass,1786471,Aptrea Motors,8/29/2019 9:00,WeFunder,https://wefunder.com/aptera,https://www.sec.gov/Archives/edgar/data/1786471/000167025419000484/xslC_X01/primary_doc.xml,8/22/2019,Aptera Motors Corp.,Aptera,Automotive,CleanTech,Early,Seed,RegCF,,SAFE,,,,"$20,000,000 ",0%,"$20,000,000 ",20000000,#NAME?,Transactional,B2C,High Growth,No,Low,High,No,"$4,000,000,000,000 ",#NAME?,"$185,000,000,000 ",#NAME?,25.60%,#NAME?,30,Low,Low,Similar to others,High,High,Yes,Yes,No,No,0,#NAME?,3158,"$200,000 ",#NAME?,1.58%,#NAME?,Pre-Product,,No,0,2,Yes,No,No,No,3,6,0,0,,16,2,0,46,No,,3,1,0,54,No,,,,,,,,,,,,,,,,,,,,,,,,,,,,,,,,,,,,,,,,,,,,,,
Iliass,1689304,"Scrap Connection, Inc.",8/30/2019 15:35,WeFunder,https://wefunder.com/scrap.connection.inc,https://www.sec.gov/Archives/edgar/data/1689304/000167025419000488/xslC_X01/primary_doc.xml,8/28/2019,"Scrap Connection, Inc.",Tradefox,International Trade and Development,MarketplaceTech,Early,Seed,RegCF,,SAFE,,,,"$7,000,000 ",0%,"$7,000,000 ",7000000,#NAME?,Recurring,B2B,High Growth,Yes,High,Low,No,"$250,000,000,000 ",#NAME?,"$2,000,000,000 ",#NAME?,3.10%,#NAME?,9,High,Low,Obviously better than others,High,Low,No,No,Yes,Yes,16172,#NAME?,34184,"$1,715,889 ",#NAME?,1.99%,#NAME?,Pre-Profit,,No,0,1,No,No,No,No,2,3,0,0,,16,3,2,51,No,,,,,,,,,,,,,,,,,,,,,,,,,,,,,,,,,,,,,,,,,,,,,,,,,,,,
Iliass,1745527,The OmniPad Company,8/31/2019 13:53,Razitall,https://www.razitall.com/pitch/revolving-tread-omnidirectional-treadmill-for-vr,https://www.sec.gov/Archives/edgar/data/1745527/000166828719000053/xslC_X01/primary_doc.xml,9/27/2019,"The OmniPad Company, LLC",Omnipad,Consumer Goods,Non-Tech,Early,Pre-Seed,RegCF,,CAFES,,,,"$2,500,000 ",0%,"$2,500,000 ",2500000,#NAME?,Transactional,B2B/B2C,High Growth,No,Low,High,No,"$18,800,000,000 ",#NAME?,"$4,400,000,000 ",#NAME?,37.20%,#NAME?,6,Low,Low,Similar to others,High,Low,No,Yes,No,No,0,#NAME?,111,"$1,000,000 ",#NAME?,0.01%,#NAME?,Pre-Product,,No,0,1,No,No,No,No,2,5,1,0,,0,0,0,47,No,,,,,,,,,,,,,,,,,,,,,,,,,,,,,,,,,,,,,,,,,,,,,,,,,,,,
Iliass,1785164,Green Growth,9/3/2019 9:23,Fundanna,https://fundanna.com/equity/offer-summary/GreenGrowth,https://www.sec.gov/Archives/edgar/data/1785164/000178516419000001/xslC_X01/primary_doc.xml,8/16/2019,"Green Growth Real Estate, LLC",Green Growth Real Estate,Commercial Real Estate,Non-Tech,Early,Pre-Seed,RegCF,,Convertible Note,,,,"$3,000,000 ",0%,"$3,000,000 ",3000000,#NAME?,Recurring,B2B,Life Style,No,Low,High,No,"$20,225,132,500 ",#NAME?,"$20,225,132,500 ",#NAME?,13.50%,#NAME?,15,Low,Low,Similar to others,High,Low,No,No,No,No,0,#NAME?,27,$0 ,#NAME?,100.00%,#NAME?,Pre-Product,,No,0,1,No,No,No,Yes,4,1,0,0,,0,0,0,49,No,,,,,,,,,,,,,,,,,,,,,,,,,,,,,,,,,,,,,,,,,,,,,,,,,,,,
Iliass,1728036,"earthdog, GP",9/4/2019 14:38,Razitall,https://www.razitall.com/pitch/every-dog-s-neck-deserves-hemp-gear-from-earthdog,https://www.sec.gov/Archives/edgar/data/1728036/000166828718000027/xslC_X01/primary_doc.xml,4/26/2018,"earthdog, GP",Earthdog,Consumer Goods,Non-Tech,Growth,Series A,RegCF,,CAFES,,,,"$1,900,000 ",0%,"$1,900,000 ",1900000,#NAME?,Transactional,B2B/B2C,Life Style,No,High,Low,No,"$12,296,000,000 ",#NAME?,"$4,303,600,000 ",#NAME?,7.00%,#NAME?,100,Low,Low,Similar to others,Low,High,No,No,Yes,Yes,286000,#NAME?,5250,$0 ,#NAME?,100.00%,#NAME?,Pre-Profit,,No,0,2,No,Yes,No,No,0,2,0,0,,23,0,0,42,No,,23,0,0,,,,,,,,,,,,,,,,,,,,,,,,,,,,,,,,,,,,,,,,,,,,,,,,
Iliass,1727652,English for a Song,9/4/2019 14:47,Razitall,https://www.razitall.com/pitch/transforming-adult-literacy-through-pop-music,https://www.sec.gov/cgi-bin/browse-edgar?company=english+for+a+song&owner=exclude&action=getcompany,5/2/2018,"English for a Song, Inc.",English For a Song,E-learning,EdTech,Early,Pre-Seed,RegCF,,CAFES,,,,"$1,500,000 ",0%,"$1,500,000 ",1500000,#NAME?,Recurring,B2B/B2C,High Growth,Yes,High,Low,No,"$4,309,637,530 ",#NAME?,"$4,309,637,530 ",#NAME?,15.20%,#NAME?,100,Low,High,Similar to others,Low,High,Yes,No,No,No,0,#NAME?,7,$0 ,#NAME?,100.00%,#NAME?,Pre-Product,,No,0,4,Yes,Yes,No,No,8,4,0,0,,20,0,0,62,No,,30,0,0,65,Yes,,12,0,0,63,No,,1,1,1,49,Yes,,,,,,,,,,,,,,,,,,,,,,,,,,,,,,,,,,
Iliass,1738707,Of The North Beverage International,9/4/2019 14:51,Razitall,https://www.razitall.com/pitch/the-new-ice-age-borealis-rare-iceberg-beer,https://www.sec.gov/Archives/edgar/data/1738707/000166828718000034/xslC_X01/primary_doc.xml,4/30/2018,Of The North Beverage International Inc,Borealis Rare Iceberg Beer,Food & Beverages,Non-Tech,Early,Seed,RegCF,,CAFES,,,,"$8,750,000 ",0%,"$8,750,000 ",8750000,#NAME?,Transactional,B2B/B2C,Life Style,No,Low,High,No,"$114,200,000,000 ",#NAME?,"$27,600,000,000 ",#NAME?,7.00%,#NAME?,100,Low,Low,Similar to others,High,High,No,No,Yes,No,0,#NAME?,0,$0 ,#NAME?,100.00%,#NAME?,Pre-Revenue,,Yes,7,1,No,No,No,No,0,2,0,0,,24,0,0,50,No,,,,,,,,,,,,,,,,,,,,,,,,,,,,,,,,,,,,,,,,,,,,,,,,,,,,
Iliass,1783015,Soar Robotics,9/5/2019 10:02,Republic,https://republic.co/soar-robotics,https://www.sec.gov/Archives/edgar/data/1783015/000178301519000001/xslC_X01/primary_doc.xml,9/4/2019,Soar Robotics Inc.,Soar Robotics,Industrial Automation,AutomationTech,Early,Seed,RegCF,,CAFES,,,,"$7,000,000 ",20%,"$5,600,000 ",5600000,#NAME?,Recurring,B2B,High Growth,Yes,High,High,Yes,"$1,786,829,694 ",#NAME?,"$1,786,829,694 ",#NAME?,23.40%,#NAME?,15,Low,Low,Similar to others,High,Low,No,No,Yes,Yes,0,#NAME?,0,$0 ,#NAME?,100.00%,#NAME?,Pre-Revenue,,No,0,2,Yes,No,Yes,No,3,9,0,0,,6,1,1,31,No,,1,1,1,37,No,,,,,,,,,,,,,,,,,,,,,,,,,,,,,,,,,,,,,,,,,,,,,,
Iliass,1786413,18th and Fairfax LLC dba Intox-Detox,9/5/2019 13:58,Razitall,https://www.razitall.com/pitch/hangovers-suck-creating-better-tomorrows-for-all,https://www.sec.gov/Archives/edgar/data/1786413/000166828719000041/xslC_X01/primary_doc.xml,9/5/2019,18th and Fairfax LLC,Intox-Detox,"Health, Welness & Fitness",Non-Tech,Growth,Seed,RegCF,,CAFES,,,,"$1,600,000 ",0%,"$1,600,000 ",1600000,#NAME?,Transactional,B2B/B2C,Life Style,No,High,High,Yes,"$785,000,000 ",#NAME?,"$785,000,000 ",#NAME?,12.80%,#NAME?,30,Low,Low,Similar to others,Low,High,No,No,Yes,Yes,19606,#NAME?,8178,$0 ,#NAME?,100.00%,#NAME?,Pre-Profit,,No,0,2,No,Yes,No,No,0,2,0,0,,6,0,0,42,No,,,,,,,,,,,,,,,,,,,,,,,,,,,,,,,,,,,,,,,,,,,,,,,,,,,,
Iliass,1739088,Michael Ray Galleries,9/5/2019 14:56,Razitall,https://www.razitall.com/pitch/reclaiming-historical-sites-as-local-art-galleries,https://www.sec.gov/Archives/edgar/data/1739088/000166828718000031/xslC_X01/primary_doc.xml,4/30/2018,Michael Ray Galleries,Michael Ray Galleries,Fine Art,Non-Tech,Early,Pre-Seed,RegCF,,CAFES,,,,"$1,500,000 ",0%,"$1,500,000 ",1500000,#NAME?,Transactional,B2B/B2C,Life Style,No,Low,Low,No,"$10,000,000 ",#NAME?,"$10,000,000 ",#NAME?,5.00%,#NAME?,,Low,Low,Similar to others,Low,High,Yes,No,Yes,No,0,#NAME?,0,$0 ,#NAME?,100.00%,#NAME?,Pre-Revenue,,No,0,2,No,No,No,No,2,2,0,0,,30,0,0,42,No,,3,0,0,54,No,,,,,,,,,,,,,,,,,,,,,,,,,,,,,,,,,,,,,,,,,,,,,,
Iliass,1685241,Le Bread Xpress,9/6/2019 10:38,WeFunder,https://wefunder.com/lebreadxpress,https://www.sec.gov/Archives/edgar/data/1685241/000167025419000443/xslC_X01/primary_doc.xml,8/8/2019,"Le Bread Xpress, Inc.",Le Bread Xpress,Food & Beverages,FoodTech,Early,Seed,RegCF,,SAFE,,,,"$2,000,000 ",0%,"$2,000,000 ",2000000,#NAME?,Recurring,B2B,High Growth,No,Low,High,No,"$30,000,000,000 ",#NAME?,"$5,000,000,000 ",#NAME?,14.50%,#NAME?,20,High,Low,Similar to others,High,High,No,No,Yes,Yes,3953,#NAME?,14109,"$944,500 ",#NAME?,1.49%,#NAME?,Pre-Profit,,Yes,1,2,Yes,No,No,No,4,2,0,0,,5,0,0,54,No,,5,0,0,46,No,,,,,,,,,,,,,,,,,,,,,,,,,,,,,,,,,,,,,,,,,,,,,,
Iliass,1725162,WeStrive,9/6/2019 10:41,WeFunder,https://wefunder.com/westrive,https://www.sec.gov/Archives/edgar/data/1725162/000167025419000492/xslC_X01/primary_doc.xml,8/28/2019,PerFIcT Inc.,WeStrive,"Health, Welness & Fitness",MarketplaceTech,Early,Seed,RegCF,,SAFE,,,,"$4,000,000 ",38%,"$2,480,000 ",2480000,#NAME?,Recurring,B2B/B2C,High Growth,Yes,High,Low,No,"$9,000,000,000 ",#NAME?,"$9,000,000,000 ",#NAME?,2.50%,#NAME?,10,High,High,Obviously better than others,Low,High,No,No,Yes,No,0,#NAME?,4073,"$85,605 ",#NAME?,4.76%,#NAME?,Pre-Revenue,,No,0,1,No,No,No,No,1,9,0,0,,4,1,0,27,No,,,,,,,,,,,,,,,,,,,,,,,,,,,,,,,,,,,,,,,,,,,,,,,,,,,,
Iliass,1783629,Locl,9/10/2019 9:27,WeFunder,https://wefunder.com/locl,https://www.sec.gov/Archives/edgar/data/1783629/000167025419000432/xslC_X01/primary_doc.xml,7/25/2019,LOCL Enterprises Inc.,LOCL,Sporting Goods,Non-Tech,Early,Seed,RegCF,,SAFE,,,,"$2,000,000 ",25%,"$1,500,000 ",1500000,#NAME?,Transactional,B2C,Life Style,No,Low,High,No,"$7,100,000,000 ",#NAME?,"$2,130,000,000 ",#NAME?,7.70%,#NAME?,25,Low,Low,Similar to others,Low,High,Yes,No,No,No,0,#NAME?,235,"$15,000 ",#NAME?,1.57%,#NAME?,Pre-Product,,No,0,1,No,No,No,No,2,1,2,0,,0,0,0,44,Yes,,,,,,,,,,,,,,,,,,,,,,,,,,,,,,,,,,,,,,,,,,,,,,,,,,,,
Iliass,1785480,tinyB chocolate,9/11/2019 10:15,WeFunder,https://wefunder.com/tinybchocolate,https://www.sec.gov/Archives/edgar/data/1785480/000167025419000464/xslC_X01/primary_doc.xml,8/22/2019,tinyB chocolate LLC,tinyB chocolate,Food & Beverages,Non-Tech,Growth,Seed,RegCF,,SAFE,,,,"$2,500,000 ",0%,"$2,500,000 ",2500000,#NAME?,Transactional,B2B/B2C,Life Style,No,High,High,No,"$28,503,000,000 ",#NAME?,"$70,000,000 ",#NAME?,1.90%,#NAME?,100,Low,Low,Similar to others,Low,High,No,No,Yes,Yes,317558,#NAME?,2722,$0 ,#NAME?,100.00%,#NAME?,Pre-Profit,,No,0,2,No,Yes,Yes,No,4,3,0,0,,6,0,0,41,No,,6,2,1,48,Yes,,,,,,,,,,,,,,,,,,,,,,,,,,,,,,,,,,,,,,,,,,,,,,
Iliass,1785479,Colossal,9/11/2019 10:23,WeFunder,https://wefunder.com/colossal.inc,https://www.sec.gov/Archives/edgar/data/1785479/000167025419000452/xslC_X01/primary_doc.xml,8/14/2019,Colossal Inc,Sayscape,Online Media,MediaTech,Early,Seed,RegCF,,SAFE,,,,"$1,000,000 ",10%,"$900,000 ",900000,#NAME?,Recurring,B2B/B2C,High Growth,Yes,High,Low,No,"$46,000,000,000 ",#NAME?,"$3,496,000,000 ",#NAME?,9.00%,#NAME?,5,Low,Low,Similar to others,High,High,Yes,No,Yes,Yes,2175,#NAME?,431,$0 ,#NAME?,100.00%,#NAME?,Pre-Profit,,No,0,1,No,No,No,No,3,4,0,0,,2,0,0,35,No,,,,,,,,,,,,,,,,,,,,,,,,,,,,,,,,,,,,,,,,,,,,,,,,,,,,
Iliass,1787347,PromSocial,9/13/2019 10:02,WeFunder,https://wefunder.com/promsocial,https://www.sec.gov/Archives/edgar/data/1787347/000167025419000498/xslC_X01/primary_doc.xml,9/5/2019,PromSocial Inc.,PromSocial,Online Media,MarketplaceTech,Early,Seed,RegCF,,SAFE,,,,"$2,000,000 ",0%,"$2,000,000 ",2000000,#NAME?,Recurring,B2B/B2C,High Growth,Yes,High,Low,No,"$4,000,000,000 ",#NAME?,"$4,000,000,000 ",#NAME?,17.50%,#NAME?,4,High,High,Obviously better than others,Low,High,No,No,Yes,Yes,0,#NAME?,192,"$5,100 ",#NAME?,3.76%,#NAME?,Pre-Profit,,No,0,4,Yes,No,Yes,No,6,4,0,0,,7,0,0,38,No,,7,1,0,48,Yes,,7,0,0,27,No,,7,0,0,35,No,,,,,,,,,,,,,,,,,,,,,,,,,,,,,,,,,,
Iliass,1761058,See Me Live,11/25/2019 13:25,Razitall,https://www.razitall.com/pitch/patented-see-me-live-video-platform-prelaunch,https://www.sec.gov/Archives/edgar/data/1761058/000166828719000073/xslC_X01/primary_doc.xml,11/25/2019,"Global 5 Media, Inc.",SeeMeLive,Online Media,MediaTech,Early,Seed,RegCF,,CAFES,,,,"$5,000,000 ",0%,"$5,000,000 ",5000000,#NAME?,Recurring,B2C,High Growth,Yes,High,Low,No,"$42,600,000,000 ",#NAME?,"$42,600,000,000 ",#NAME?,20.40%,#NAME?,10,Low,Low,Similar to others,Low,High,No,Yes,No,No,0,#NAME?,4039,$0 ,#NAME?,100.00%,#NAME?,Pre-Product,,No,0,1,No,No,No,No,0,4,0,0,,0,0,0,45,No,,,,,,,,,,,,,,,,,,,,,,,,,,,,,,,,,,,,,,,,,,,,,,,,,,,,
Iliass,1722137,Upshift,12/2/2019 10:02,Republic,https://republic.co/upshift,https://www.sec.gov/Archives/edgar/data/1722137/000172213719000002/xslC_X01/primary_doc.xml,11/22/2019,Upshift Inc.,Upshift,Automotive,MarketplaceTech,Early,Seed,RegCF,,SAFE,,,,"$8,000,000 ",20%,"$6,400,000 ",6400000,#NAME?,Recurring,B2C,High Growth,Yes,High,High,Yes,"$146,000,000,000 ",#NAME?,"$26,000,000,000 ",#NAME?,20.00%,#NAME?,7,High,Low,Obviously better than others,High,High,Yes,No,Yes,Yes,64847,#NAME?,19434,"$1,150,000 ",#NAME?,1.69%,#NAME?,Pre-Profit,,Yes,3,2,No,Yes,Yes,No,7,7,8,3,,9,0,0,39,Yes,,7,0,0,38,No,,,,,,,,,,,,,,,,,,,,,,,,,,,,,,,,,,,,,,,,,,,,,,
Iliass,1724320,Buff Bake,12/2/2019 10:05,Republic,https://republic.co/buff-bake,https://www.sec.gov/Archives/edgar/data/1724320/000172432019000002/xslC_X01/primary_doc.xml,11/25/2019,"Buff Bake, Inc.",Buff Bake,Food & Beverages,Non-Tech,Growth,Series A,RegCF,,SAFE,,,,"$8,500,000 ",20%,"$6,800,000 ",6800000,#NAME?,Transactional,B2B/B2C,Life Style,No,High,High,No,"$700,000,000,000 ",#NAME?,"$252,000,000,000 ",#NAME?,6.00%,#NAME?,30,Low,Low,Similar to others,Low,High,No,No,Yes,Yes,2536240,#NAME?,96958,"$1,000,000 ",#NAME?,9.70%,#NAME?,Pre-Profit,,Yes,6,2,No,Yes,No,No,2,6,1,3,,5,0,0,38,No,,7,1,0,30,No,,,,,,,,,,,,,,,,,,,,,,,,,,,,,,,,,,,,,,,,,,,,,,
Iliass,1687316,World Tree,12/2/2019 10:35,WeFunder,https://wefunder.com/worldtree,https://www.sec.gov/Archives/edgar/data/1687316/000147793220001300/xsl1-A_X01/primary_doc.xml,9/17/2020,"World Tree USA, LLC",World Tree,Renewables & Envirnoment,Non-Tech,Early,Seed,RegCF,RegD 506(C),Equity - Common,,,"$8,030,000 ",,,,8030000,#NAME?,Transactional,B2B,Life Style,No,Low,High,No,"$12,840,676,670 ",#NAME?,"$12,840,676,670 ",#NAME?,4.60%,#NAME?,100,Low,Low,Similar to others,High,High,Yes,No,Yes,Yes,0,#NAME?,38259,"$3,121,096 ",#NAME?,1.23%,#NAME?,Pre-Revenue,,No,0,1,No,Yes,No,No,1,6,0,0,,18,0,0,40,No,,,,,,,,,,,,,,,,,,,,,,,,,,,,,,,,,,,,,,,,,,,,,,,,,,,,
Iliass,1791397,AmmoSquared,12/2/2019 10:44,WeFunder,https://wefunder.com/ammosquared,https://www.sec.gov/Archives/edgar/data/1791397/000167025419000652/xslC_X01/primary_doc.xml,11/13/2019,Ammosquared Inc.,Ammosquared,Consumer Goods,RetailTech,Growth,Seed,RegCF,,Equity - Preferred,,,"$4,490,000 ",,,,4490000,#NAME?,Recurring,B2C,High Growth,Yes,Low,High,No,"$13,300,000,000 ",#NAME?,"$4,000,000,000 ",#NAME?,3.50%,#NAME?,25,High,Low,Similar to others,High,High,No,No,Yes,Yes,61265,#NAME?,1030,"$234,790 ",#NAME?,0.44%,#NAME?,Pre-Profit,,No,0,2,No,Yes,No,No,2,4,0,0,,5,2,0,38,No,,5,0,0,38,No,,,,,,,,,,,,,,,,,,,,,,,,,,,,,,,,,,,,,,,,,,,,,,
Iliass,1791127,Eight Bridges Brewing,12/3/2019 10:40,StartEngine,https://www.startengine.com/eight-bridges-brewing-inc,https://www.sec.gov/Archives/edgar/data/1791127/000166516019001157/xslC_X01/primary_doc.xml,12/2/2019,"Eight Bridges Brewing, Inc.","Eight Bridges Brewing, Inc.",Food & Beverages,Non-Tech,Growth,Series A,RegCF,,Equity - Common,,,"$3,010,000 ",,,,3010000,#NAME?,Transactional,B2B/B2C,Life Style,No,Low,High,No,"$114,200,000,000 ",#NAME?,"$27,600,000,000 ",#NAME?,7.00%,#NAME?,2000,Low,Low,Similar to others,Low,High,No,No,Yes,Yes,369422,#NAME?,6427,$0 ,#NAME?,100.00%,#NAME?,Pre-Profit,,No,0,1,No,No,No,No,2,5,0,0,,5,0,0,75,No,,,,,,,,,,,,,,,,,,,,,,,,,,,,,,,,,,,,,,,,,,,,,,,,,,,,
Iliass,1792508,Linen App,12/5/2019 8:56,Republic,https://republic.co/linen,https://www.sec.gov/Archives/edgar/data/1792508/000179250819000001/xslC_X01/primary_doc.xml,11/20/2019,"Linen Mobile, Inc.",Linen App,Banking,FinTech,Early,Seed,RegCF,,SAFE,,,,"$19,800,000 ",0%,"$19,800,000 ",19800000,#NAME?,Recurring,B2B/B2C,High Growth,Yes,Low,Low,No,"$43,800,000,000 ",#NAME?,"$43,800,000,000 ",#NAME?,1.00%,#NAME?,100,Low,Low,Similar to others,High,High,No,No,Yes,No,0,#NAME?,26484,$0 ,#NAME?,100.00%,#NAME?,Pre-Revenue,,No,0,2,Yes,No,No,No,2,3,1,4,,3,0,0,25,No,,2,1,0,36,Yes,,,,,,,,,,,,,,,,,,,,,,,,,,,,,,,,,,,,,,,,,,,,,,
Iliass,1730486,Thematic,12/6/2019 9:22,Microventures,https://app.microventures.com/crowdfunding/thematic,https://www.sec.gov/Archives/edgar/data/1730486/000173048619000001/xslC_X01/primary_doc.xml,12/5/2019,"Thematic, Inc.",Thematic,Internet,MarketplaceTech,Growth,Seed,RegCF,,Convertible Note,,,,"$8,000,000 ",0%,"$8,000,000 ",8000000,#NAME?,Recurring,B2B,High Growth,Yes,High,Low,Yes,"$24,547,000,000 ",#NAME?,"$24,547,000,000 ",#NAME?,9.50%,#NAME?,100,Low,Low,Similar to others,Low,High,No,No,Yes,Yes,10481,#NAME?,113842,"$1,320,000 ",#NAME?,8.62%,#NAME?,Pre-Profit,,,0,2,Yes,Yes,No,No,3,6,0,2,,11,1,0,39,No,,14,0,0,39,No,,,,,,,,,,,,,,,,,,,,,,,,,,,,,,,,,,,,,,,,,,,,,,
Iliass,1730486,RehabPath,12/6/2019 9:27,Republic,https://republic.co/rehabpath,https://www.sec.gov/Archives/edgar/data/1791847/000179184719000001/xslC_X01/primary_doc.xml,12/5/2019,RehabPath Inc.,RehabPath,Mental Health Care,MarketplaceTech,Growth,Series A,RegCF,,SAFE,,,,"$5,000,000 ",20%,"$4,000,000 ",4000000,#NAME?,Recurring,B2C,High Growth,Yes,High,Low,No,"$1,800,000,000 ",#NAME?,"$1,800,000,000 ",#NAME?,2.90%,#NAME?,20,High,High,Obviously better than others,High,High,Yes,Yes,Yes,Yes,214993,#NAME?,9006,"$570,000 ",#NAME?,1.58%,#NAME?,Pre-Profit,,No,0,2,Yes,No,No,No,3,5,0,0,,10,0,0,30,No,,10,0,0,35,No,,,,,,,,,,,,,,,,,,,,,,,,,,,,,,,,,,,,,,,,,,,,,,
Iliass,1791739,Grady's Cold Brew,12/6/2019 9:34,StartEngine,https://www.startengine.com/gradyscoldbrew,https://www.sec.gov/Archives/edgar/data/1791739/000166516019001160/xslC_X01/primary_doc.xml,12/5/2019,"Gradys Cold Brew, Inc.",Gradys Cold Brew,Food & Beverages,Non-Tech,Growth,Series B,RegCF,,Equity - Common,,,"$12,800,000 ",,,,12800000,#NAME?,Transactional,B2B/B2C,Life Style,No,High,High,No,"$531,630,840 ",#NAME?,"$531,630,840 ",#NAME?,25.10%,#NAME?,100,Low,Low,Similar to others,Low,High,No,No,Yes,Yes,3896701,#NAME?,79802,$0 ,#NAME?,100.00%,#NAME?,Pre-Profit,,Yes,4,2,No,No,No,No,2,20,0,0,,9,0,0,41,No,,9,0,0,36,No,,,,,,,,,,,,,,,,,,,,,,,,,,,,,,,,,,,,,,,,,,,,,,
Iliass,1796036,PhorMed,12/6/2019 9:46,StartEngine,https://www.startengine.com/phormed,https://www.sec.gov/Archives/edgar/data/1796036/000166516019001165/xslC_X01/primary_doc.xml,12/5/2019,Phormed Inc,PhorMed,Biotechnology,BioTech,Early,Pre-Seed,RegCF,,Equity - Common,,,"$39,000,000 ",,,,39000000,#NAME?,Transactional,B2B2C,High Growth,No,High,High,No,"$8,000,000,000 ",#NAME?,"$8,000,000,000 ",#NAME?,12.50%,#NAME?,0,High,Low,Obviously better than others,High,Low,Yes,No,No,No,0,#NAME?,0,$0 ,#NAME?,100.00%,#NAME?,Pre-Product,Phase II,No,0,1,Yes,Yes,Yes,No,0,6,4,0,,0,0,0,42,No,,,,,,,,,,,,,,,,,,,,,,,,,,,,,,,,,,,,,,,,,,,,,,,,,,,,
Iliass,1661779,StartEngine Crowdfunding,12/6/2019 10:12,TruCrowd,https://us.trucrowd.com/equity/offer-summary/StartEngine2,https://www.sec.gov/Archives/edgar/data/1661779/000110465920032595/xslC_X01/primary_doc.xml,3/12/2020,"STARTENGINE CROWDFUNDING, INC.",StartEngine,Fund-Raising,FinTech,Early,Seed,RegCF,,Equity - Common,,,"$120,000,000 ",,,,120000000,#NAME?,Transactional,B2B/B2C,High Growth,Yes,Low,Low,No,"$13,725,120,000 ",#NAME?,"$13,725,120,000 ",#NAME?,16.00%,#NAME?,25,Low,Low,Similar to others,High,High,No,No,Yes,Yes,4682528,#NAME?,383375,"$5,000,000 ",#NAME?,7.67%,#NAME?,Pre-Profit,,No,0,3,Yes,No,No,Yes,3,29,0,0,,9,1,1,55,Yes,,6,3,2,54,No,,,,,,,,,,,,,,,,,,,,,,,,,,,,,,,,,,,,,,,,,,,,,,
Iliass,1629933,Dented Brick Distillery,12/6/2019 10:22,WeFunder,https://wefunder.com/dented.brick.distillery,https://www.sec.gov/Archives/edgar/data/1629933/000167025419000557/xslC_X01/primary_doc.xml,10/2/2019,Salt Lake City Distillery LLC,Dented Brick Distillery,Food & Beverages,Non-Tech,Growth,Series A,RegCF,,SAFE,,,,"$7,000,000 ",30%,"$4,900,000 ",4900000,#NAME?,Transactional,B2B/B2C,High Growth,No,Low,High,No,"$19,412,603,885 ",#NAME?,"$7,765,041,554 ",#NAME?,33.40%,#NAME?,2000,Low,Low,Similar to others,Low,High,No,No,Yes,Yes,396749,#NAME?,63587,"$4,601,100 ",#NAME?,1.38%,#NAME?,Pre-Profit,,No,0,2,No,No,No,No,3,8,0,0,,3,0,0,62,Yes,,8,1,0,53,No,,,,,,,,,,,,,,,,,,,,,,,,,,,,,,,,,,,,,,,,,,,,,,
Iliass,1709539,Shark Wheel,12/6/2019 10:27,WeFunder,https://wefunder.com/sharkwheel,https://www.sec.gov/Archives/edgar/data/1709539/000167025420000070/xslC_X01/primary_doc.xml,12/5/2019,"Shark Wheel, Inc.","Shark Wheel, Inc.",Consumer Goods,Non-Tech,Early,Seed,RegCF,,Equity - Common,,,"$30,000,000 ",,,,30000000,#NAME?,Recurring,B2B/B2C,High Growth,No,High,High,No,"$2,500,000,000 ",#NAME?,"$2,500,000,000 ",#NAME?,3.10%,#NAME?,100,High,Low,Obviously better than others,High,High,No,Yes,Yes,Yes,950796,#NAME?,63328,"$2,788,940 ",#NAME?,2.27%,#NAME?,Pre-Profit,,Yes,3,2,No,No,No,Yes,1,4,0,1,,17,4,0,48,No,,8,0,0,40,Yes,,,,,,,,,,,,,,,,,,,,,,,,,,,,,,,,,,,,,,,,,,,,,,
Iliass,1702371,Hive,12/9/2019 13:20,Republic,https://republic.co/hive,https://www.sec.gov/Archives/edgar/data/1702371/000170237119000002/xslC_X01/primary_doc.xml,12/6/2019,"Hive Companies, Inc.",Hive,Online Media,MediaTech,Growth,Series B,RegCF,,SAFE,,,,"$10,000,000 ",0%,"$10,000,000 ",10000000,#NAME?,Recurring,B2B/B2C,High Growth,Yes,High,Low,No,"$46,000,000,000 ",#NAME?,"$1,000,000,000 ",#NAME?,25.00%,#NAME?,10,High,Low,Obviously better than others,Low,High,Yes,No,Yes,Yes,2038139,#NAME?,77550,"$1,600,000 ",#NAME?,4.85%,#NAME?,Profitable,,No,0,1,No,No,No,No,4,13,15,3,,18,4,2,36,Yes,,,,,,,,,,,,,,,,,,,,,,,,,,,,,,,,,,,,,,,,,,,,,,,,,,,,
Iliass,1792907,Back To Space,12/9/2019 13:36,WeFunder,https://wefunder.com/back.to.space,https://www.sec.gov/Archives/edgar/data/1792907/000167025419000675/xslC_X01/primary_doc.xml,11/21/2019,"Back To Space, LLC",Back To Space,Media Production,MediaTech,Early,Seed,RegCF,,Equity - Preferred,,,"$5,670,000 ",,,,5670000,#NAME?,Recurring,B2C,Life Style,Yes,Low,High,No,"$34,777,400,000 ",#NAME?,"$2,000,000,000 ",#NAME?,3.60%,#NAME?,100,Low,Low,Similar to others,High,High,Yes,No,Yes,No,118457,#NAME?,55965,"$1,234,000 ",#NAME?,4.54%,#NAME?,Pre-Product,,Yes,4,2,No,yes,No,No,5,3,5,1,,2,0,0,28,Yes,,2,5,4,62,No,,,,,,,,,,,,,,,,,,,,,,,,,,,,,,,,,,,,,,,,,,,,,,
Iliass,1722969,Atlis Motor Vehicles,12/10/2019 10:27,StartEngine,https://www.startengine.com/atlis-motor-vehicles-3,https://www.sec.gov/Archives/edgar/data/1722969/000166516019001173/xslC_X01/primary_doc.xml,12/10/2019,Atlis Motor Vehicle Inc.,Atlis Motor Vehicle Inc.,Automotive,CleanTech,Early,Seed,RegCF,,Equity - Common,,,"$89,800,000 ",,,,89800000,#NAME?,Recurring,B2B/B2C,High Growth,No,High,High,No,"$536,600,000,000 ",#NAME?,"$22,000,000,000 ",#NAME?,4.00%,#NAME?,6,High,Low,Obviously better than others,High,Low,Yes,Yes,Yes,No,0,#NAME?,49646,"$1,140,000 ",#NAME?,4.35%,#NAME?,Pre-Product,,No,0,2,No,No,No,No,3,14,0,0,,1,0,0,32,Yes,,13,0,0,36,No,,,,,,,,,,,,,,,,,,,,,,,,,,,,,,,,,,,,,,,,,,,,,,
Iliass,1788204,Crafthouse Cocktails,12/10/2019 10:40,WeFunder,https://wefunder.com/crafthouse.cocktails,https://www.sec.gov/Archives/edgar/data/1788204/000167025419000640/xslC_X01/primary_doc.xml,11/5/2019,"Stanton South, LLC","Stanton South, LLC",Food & Beverages,Non-Tech,Early,Series A,RegCF,,Convertible Note,,,,"$8,300,000 ",20%,"$6,640,000 ",6640000,#NAME?,Transactional,B2B/B2C,Life Style,No,Low,High,No,"$1,587,868,000,000 ",#NAME?,"$62,000,000 ",#NAME?,40.70%,#NAME?,25,Low,Low,Similar to others,High,High,No,No,Yes,Yes,622601,#NAME?,65512,"$800,000 ",#NAME?,8.19%,#NAME?,Pre-Profit,,Yes,3,2,Yes,No,No,No,2,2,0,0,,15,1,0,48,No,,16,1,0,38,Yes,,,,,,,,,,,,,,,,,,,,,,,,,,,,,,,,,,,,,,,,,,,,,,
Iliass,1790674,Delee,12/11/2019 10:39,Republic,https://republic.co/delee,https://www.sec.gov/Archives/edgar/data/1790674/000179067419000002/xslC_X01/primary_doc.xml,12/9/2019,Delee Corp,Delee,Biotechnology,BioTech,Early,Seed,RegCF,,SAFE,,,,"$10,000,000 ",0%,"$10,000,000 ",10000000,#NAME?,Transactional,B2B,Life Style,No,High,High,Yes,"$19,000,000,000 ",#NAME?,"$19,000,000,000 ",#NAME?,17.10%,#NAME?,2,Low,Low,Obviously better than others,High,Low,Yes,Yes,Yes,No,0,#NAME?,14068,"$1,300,000 ",#NAME?,1.08%,#NAME?,Pre-Revenue,,No,0,3,Yes,Yes,Yes,No,5,15,0,0,,3,1,0,26,No,,7,0,0,30,No,,30,0,0,30,No,,,,,,,,,,,,,,,,,,,,,,,,,,,,,,,,,,,,,,,,
Iliass,1751794,Billion Vegans,12/11/2019 11:10,WeFunder,https://wefunder.com/billionvegans,https://www.sec.gov/Archives/edgar/data/1751794/000167025419000606/xslC_X01/primary_doc.xml,10/14/2019,Billion Vegans Inc.,Billion Vegans,Food & Beverages,RetailTech,Early,Seed,RegCF,,SAFE,,,,"$6,500,000 ",20%,"$5,200,000 ",5200000,#NAME?,Transactional,B2C,High Growth,Yes,High,Low,No,"$17,338,555,000 ",#NAME?,"$17,338,555,000 ",#NAME?,10.50%,#NAME?,9,Low,Low,Similar to others,High,High,Yes,No,Yes,Yes,56277,#NAME?,12898,"$491,578 ",#NAME?,2.62%,#NAME?,Pre-Profit,,No,0,1,No,No,No,No,0,9,0,0,,3,8,2,42,No,,,,,,,,,,,,,,,,,,,,,,,,,,,,,,,,,,,,,,,,,,,,,,,,,,,,
Iliass,1617797,Story2,12/12/2019 10:38,Republic,https://republic.co/story2,https://www.sec.gov/Archives/edgar/data/1617797/000146581819000035/xslC_X01/primary_doc.xml,12/10/2019,"Story to College, LLC",Story2,Higher Education,EdTech,Growth,Series A,RegCF,,SAFE,,,,"$10,000,000 ",10%,"$9,000,000 ",9000000,#NAME?,Recurring,B2B2C,High Growth,Yes,High,Low,No,"$626,000,000,000 ",#NAME?,"$279,000,000,000 ",#NAME?,12.00%,#NAME?,100,High,Low,Obviously better than others,Low,High,Yes,Yes,Yes,Yes,418213,#NAME?,70224,"$2,000,000 ",#NAME?,3.51%,#NAME?,Pre-Profit,,Yes,6,1,No,Yes,No,No,6,11,2,0,,7,1,1,61,Yes,,,,,,,,,,,,,,,,,,,,,,,,,,,,,,,,,,,,,,,,,,,,,,,,,,,,
Iliass,1701666,Akibah Health,12/12/2019 10:42,StartEngine,https://www.startengine.com/akibah-health,https://www.sec.gov/Archives/edgar/data/1701666/000166516019001181/xslC_X01/primary_doc.xml,12/11/2019,Akibah Health Corporation,Akibah Health,"Health, Welness & Fitness",HealthTech,Early,Seed,RegCF,,Equity - Common,,,"$5,960,000 ",,,,5960000,#NAME?,Recurring,B2C,High Growth,No,High,High,Yes,"$8,911,821,504 ",#NAME?,"$8,788,451,772 ",#NAME?,4.20%,#NAME?,100,High,Low,Obviously better than others,High,High,Yes,Yes,Yes,No,0,#NAME?,4567,"$500,000 ",#NAME?,0.91%,#NAME?,Pre-Revenue,,Yes,3,1,No,No,Yes,No,2,5,1,1,,0,0,0,42,No,,,,,,,,,,,,,,,,,,,,,,,,,,,,,,,,,,,,,,,,,,,,,,,,,,,,
Iliass,1789108,Robovet,12/12/2019 10:55,WeFunder,https://wefunder.com/robovet,https://www.sec.gov/Archives/edgar/data/1789108/000167025419000694/xslC_X01/primary_doc.xml,11/26/2019,Robovet Corporation,Robovet,Veterinary,MedTech,Early,Seed,RegCF,,SAFE,,,,"$3,000,000 ",25%,"$2,250,000 ",2250000,#NAME?,Transactional,B2B,Life Style,No,High,High,No,"$47,000,000,000 ",#NAME?,"$2,292,654,240 ",#NAME?,6.80%,#NAME?,5,Low,High,Similar to others,High,Low,No,Yes,Yes,No,0,#NAME?,2021,"$10,020 ",#NAME?,20.17%,#NAME?,Pre-Product,,Yes,2,1,No,No,No,No,2,4,1,1,,12,0,0,50,Yes,,,,,,,,,,,,,,,,,,,,,,,,,,,,,,,,,,,,,,,,,,,,,,,,,,,,
Iliass,1780122,Genobank.io,12/16/2019 10:52,Republic,https://republic.co/genobank-io,https://www.sec.gov/Archives/edgar/data/1780122/000178012219000003/xslC_X01/primary_doc.xml,12/13/2019,Genobank.io Inc,Genobank.io,Biotechnology,BioTech,Early,Seed,RegCF,,SAFE,,,,"$10,000,000 ",15%,"$8,500,000 ",8500000,#NAME?,Transactional,B2B/B2C,High Growth,No,High,High,No,"$10,520,447,637 ",#NAME?,"$10,520,447,637 ",#NAME?,19.00%,#NAME?,35,High,Low,Obviously better than others,High,High,No,Yes,No,No,0,#NAME?,0,"$215,000 ",#NAME?,100.00%,#NAME?,Pre-Revenue,,Yes,2,2,Yes,No,Yes,No,5,2,0,1,,3,1,0,41,Yes,,4,1,0,34,No,,,,,,,,,,,,,,,,,,,,,,,,,,,,,,,,,,,,,,,,,,,,,,
Iliass,1799231,Hempazon,2/24/2020 10:24,Fundanna,https://fundanna.com/equity/offer-summary/Hempazon,https://www.sec.gov/Archives/edgar/data/1799231/000179923120000001/xslC_X01/primary_doc.xml,1/23/2020,"HAZN, Inc",Hempazon,Cannabis and CBD,RetailTech,Early,Seed,RegCF,,Equity - Common,,,"$3,062,500 ",,,,3062500,#NAME?,Transactional,B2B/B2C,High Growth,Yes,Low,High,No,"$21,756,500,000 ",#NAME?,"$21,756,500,000 ",#NAME?,70.70%,#NAME?,100,Low,Low,Similar to others,Low,High,No,No,No,No,0,#NAME?,0,$0 ,#NAME?,100.00%,#NAME?,Pre-Product,,No,0,1,No,No,No,No,0,1,1,0,,4,0,0,49,No,,,,,,,,,,,,,,,,,,,,,,,,,,,,,,,,,,,,,,,,,,,,,,,,,,,,
Iliass,1779318,Fleeting,2/24/2020 10:28,Republic,https://republic.co/fleeting,https://www.sec.gov/Archives/edgar/data/1779318/000177931820000002/xslC_X01/primary_doc.xml,2/21/2020,"Fleeting,Inc.",Fleeting,Transportation/Trucking/Railroad,MarketplaceTech,Early,Seed,RegCF,,SAFE,,,,"$10,000,000 ",20%,"$8,000,000 ",8000000,#NAME?,Transactional,B2B/B2C,High Growth,Yes,Low,Low,No,"$853,609,882,367 ",#NAME?,"$265,000,000,000 ",#NAME?,3.50%,#NAME?,50,High,Low,Obviously better than others,High,High,No,No,Yes,Yes,41866,#NAME?,4175,$0 ,#NAME?,100.00%,#NAME?,Pre-Profit,,No,0,4,Yes,No,Yes,No,7,5,0,4,,16,2,0,36,No,,2,1,0,47,No,,2,2,0,34,No,,4,0,0,40,No,,,,,,,,,,,,,,,,,,,,,,,,,,,,,,,,,,
Iliass,1702255,LaneAxis,2/24/2020 11:16,StartEngine,https://www.startengine.com/laneaxis-inc,https://www.sec.gov/Archives/edgar/data/1702255/000166516020000149/xslC_X01/primary_doc.xml,2/20/2020,"LaneAxis, Inc.",LaneAxis,Transportation/Trucking/Railroad,MarketplaceTech,Early,Series A,RegCF,,Equity - Common,,,"$7,970,000 ",,,,7970000,#NAME?,Transactional,B2B,High Growth,Yes,Low,Low,No,"$853,609,882,367 ",#NAME?,"$93,848,952,414 ",#NAME?,16.20%,#NAME?,100,High,High,Obviously better than others,High,High,No,Yes,Yes,No,0,#NAME?,52226,$0 ,#NAME?,100.00%,#NAME?,Pre-Revenue,,Yes,4,1,No,No,No,No,1,10,4,0,,5,0,0,53,No,,,,,,,,,,,,,,,,,,,,,,,,,,,,,,,,,,,,,,,,,,,,,,,,,,,,
Iliass,1800204,SunState Laboratories,2/24/2020 11:24,WeFunder,https://wefunder.com/sunstate.laboratories,https://www.sec.gov/Archives/edgar/data/1800204/000167025420000055/xslC_X01/primary_doc.xml,1/22/2020,"SunState Laboratories, Inc.",SunState Laboratories,Consumer Goods,CleanTech,Early,Seed,RegCF,,Equity - Preferred,,,"$5,000,000 ",,,,5000000,#NAME?,Transactional,B2B/B2C,Life Style,No,Low,Low,No,"$31,200,000,000 ",#NAME?,"$31,200,000,000 ",#NAME?,4.00%,#NAME?,100,High,Low,Obviously better than others,Low,High,Yes,No,Yes,Yes,10623,#NAME?,3380,$0 ,#NAME?,100.00%,#NAME?,Pre-Profit,,No,0,1,No,No,No,No,2,3,1,0,,9,0,0,55,No,,,,,,,,,,,,,,,,,,,,,,,,,,,,,,,,,,,,,,,,,,,,,,,,,,,,
Iliass,1792754,ILLUSIO,2/25/2020 10:49,Equifund CFP,https://equifundcfp.com/illusio/,https://www.sec.gov/Archives/edgar/data/1792754/000179275419000003/xslC_X01/primary_doc.xml,12/26/2020,"Illusio, Inc.",Illusio,Medical Device,MedTech,Early,Seed,RegCF,,Equity - Common,,,"$15,000,000 ",,,,15000000,#NAME?,Recurring,B2B,High Growth,Yes,High,High,No,"$2,960,071,400 ",#NAME?,"$2,960,071,400 ",#NAME?,6.70%,#NAME?,3,High,High,Obviously better than others,High,Low,No,Yes,Yes,Yes,3400,#NAME?,50586,"$1,600,000 ",#NAME?,3.16%,#NAME?,Pre-Profit,,Yes,1,1,No,No,No,No,3,3,4,0,,9,0,0,51,No,,,,,,,,,,,,,,,,,,,,,,,,,,,,,,,,,,,,,,,,,,,,,,,,,,,,
Iliass,1801721,Roula,2/25/2020 12:12,Microventures,https://app.microventures.com/crowdfunding/roula,https://www.sec.gov/Archives/edgar/data/1801721/000180172120000001/xslC_X01/primary_doc.xml,2/24/2020,Veltrav LLC,Roula.cc,"Leisure, Travel & Turism",MarketplaceTech,Early,Seed,RegCF,,Convertible Note,,,,"$3,200,000 ",20%,"$2,560,000 ",2560000,#NAME?,Transactional,B2C,Life Style,Yes,High,Low,No,"$3,401,700,000 ",#NAME?,"$34,017,000 ",#NAME?,17.60%,#NAME?,5,Low,Low,Similar to others,Low,Low,No,No,Yes,Yes,131164,#NAME?,1246,$0 ,#NAME?,100.00%,#NAME?,Pre-Profit,,No,0,1,No,No,No,No,1,4,0,0,,2,2,0,51,Yes,,,,,,,,,,,,,,,,,,,,,,,,,,,,,,,,,,,,,,,,,,,,,,,,,,,,
Iliass,1777476,Mighty Quinn's Barbeque,2/25/2020 12:18,SeedInvest,https://www.seedinvest.com/mightyquinns/series.b,https://www.sec.gov/Archives/edgar/data/1777476/000177747620000001/xslC_X01/primary_doc.xml,2/18/2020,Mighty Quinn's Holdings LLC,Mighty Quinn's Barbecue,Restaurants,Non-Tech,Early,Series B,RegCF,RegD 506(C),Convertible Note,,,,"$40,000,000 ",20%,"$32,000,000 ",32000000,#NAME?,Transactional,B2B/B2C,Life Style,Yes,Low,High,No,"$800,000,000,000 ",#NAME?,"$50,000,000,000 ",#NAME?,9.80%,#NAME?,1000,Low,Low,Similar to others,Low,High,No,No,Yes,Yes,18442226,#NAME?,195878,"$3,000,000 ",#NAME?,6.53%,#NAME?,Pre-Profit,,No,0,3,Yes,No,Yes,No,2,79,0,0,,20,3,1,42,No,,19,0,0,41,No,,8,0,0,43,Yes,,,,,,,,,,,,,,,,,,,,,,,,,,,,,,,,,,,,,,,,
Iliass,1802465,Sienna Sauce,2/26/2020 10:07,Republic,https://republic.co/sienna-sauce,https://www.sec.gov/Archives/edgar/data/1802465/000180246520000002/xslC_X01/primary_doc.xml,2/25/2020,Tyla-Simone's Wings LLC,Sienna Sauce,Food Production,Non-Tech,Early,Seed,RegCF,,SAFE,,,,"$5,000,000 ",20%,"$4,000,000 ",4000000,#NAME?,Transactional,B2B/B2C,Life Style,No,High,Low,No,"$22,200,000,000 ",#NAME?,"$22,200,000,000 ",#NAME?,1.70%,#NAME?,100,Low,Low,Similar to others,Low,High,No,No,Yes,Yes,191851,#NAME?,2225,"$35,000 ",#NAME?,6.36%,#NAME?,Pre-Profit,,No,0,1,No,Yes,Yes,No,1,2,0,0,,3,0,0,18,No,,,,,,,,,,,,,,,,,,,,,,,,,,,,,,,,,,,,,,,,,,,,,,,,,,,,
Iliass,1795715,Skinz.gg,2/26/2020 10:14,StartEngine,https://www.startengine.com/skinzgg,https://www.sec.gov/Archives/edgar/data/1795715/000166516020000155/xslC_X01/primary_doc.xml,2/24/2020,Skinz Inc,Skinz.gg,Cannabis and CBD,RetailTech,Early,Seed,RegCF,,Equity - Common,,,"$8,000,000 ",,,,8000000,#NAME?,Transactional,B2C,Life Style,Yes,High,Low,No,"$553,700,000 ",#NAME?,"$184,566,667 ",#NAME?,33.50%,#NAME?,100,Low,Low,Similar to others,Low,High,No,No,No,No,0,#NAME?,0,$0 ,#NAME?,100.00%,#NAME?,Pre-Revenue,,Yes,1,1,No,Yes,Yes,No,1,2,2,0,,1,1,0,44,Yes,,,,,,,,,,,,,,,,,,,,,,,,,,,,,,,,,,,,,,,,,,,,,,,,,,,,
Iliass,1797565,Biopact,2/26/2020 15:28,Equifund CFP,https://equifundcfp.com/biopact-ct/,https://www.sec.gov/Archives/edgar/data/1797565/000179756520000001/xslC_X01/primary_doc.xml,2/12/2020,"BioPact Cellular Transport, Inc.",BioPact CT,Biotechnology,BioTech,Early,Seed,RegCF,,Equity - Common,,,"$30,000,000 ",,,,30000000,#NAME?,Recurring,B2B,High Growth,Yes,High,High,No,"$100,000,000,000 ",#NAME?,"$100,000,000,000 ",#NAME?,27.00%,#NAME?,50,High,Low,Obviously better than others,High,Low,Yes,Yes,No,No,0,#NAME?,0,$0 ,#NAME?,100.00%,#NAME?,Pre-Revenue,,No,0,1,No,No,No,Yes,1,4,0,0,,12,0,0,70,No,,,,,,,,,,,,,,,,,,,,,,,,,,,,,,,,,,,,,,,,,,,,,,,,,,,,
Iliass,1800212,eCarra,2/27/2020 11:20,WeFunder,https://wefunder.com/ecarra,https://www.sec.gov/Archives/edgar/data/1800212/000167025420000016/xslC_X01/primary_doc.xml,1/17/2020,"eCarra, LLC",eCarra,Transportation/Trucking/Railroad,MarketplaceTech,Early,Series A,RegCF,,SAFE,,,,"$1,000,000 ",0%,"$1,000,000 ",1000000,#NAME?,Transactional,B2B/B2C,High Growth,Yes,Low,High,No,"$87,099,440,000 ",#NAME?,"$87,099,440,000 ",#NAME?,19.20%,#NAME?,15,High,Low,Similar to others,High,High,Yes,No,Yes,Yes,72715,#NAME?,16744,"$344,000 ",#NAME?,4.87%,#NAME?,Pre-Profit,,Yes,1,2,Yes,No,Yes,No,2,7,1,1,,4,1,0,46,No,,4,1,0,,,,,,,,,,,,,,,,,,,,,,,,,,,,,,,,,,,,,,,,,,,,,,,,
Iliass,1674612,Zelgor,2/28/2020 11:03,NetCapital,https://netcapital.com/companies/zelgor,https://www.sec.gov/Archives/edgar/data/1674612/000166919120000078/xslC_X01/primary_doc.xml,2/27/2020,Zelgor Inc,Zelgor,Computer Games,GamingTech,Early,Seed,RegCF,,Equity - Common,,,"$4,232,500 ",,,,4232500,#NAME?,Transactional,B2C,High Growth,Yes,High,Low,No,"$49,000,000,000 ",#NAME?,"$49,000,000,000 ",#NAME?,2.90%,#NAME?,1000,Low,Low,Similar to others,Low,High,No,No,No,No,0,#NAME?,2890,"$250,000 ",#NAME?,1.16%,#NAME?,Pre-Product,,Yes,1,1,No,No,No,No,2,4,2,2,,8,0,0,26,No,,,,,,,,,,,,,,,,,,,,,,,,,,,,,,,,,,,,,,,,,,,,,,,,,,,,
Iliass,1800753,Reset IV,2/28/2020 11:07,StartEngine,https://www.startengine.com/reset-iv,https://www.sec.gov/Archives/edgar/data/1800753/000166516020000164/xslC_X01/primary_doc.xml,2/27/2020,Reset IV Inc.,Reset IV,"Health, Welness & Fitness",HealthTech,Early,Series A,RegCF,,Equity - Common,,,"$10,000,000 ",,,,10000000,#NAME?,Transactional,B2C,High Growth,Yes,High,Low,No,"$8,962,000,000 ",#NAME?,"$8,962,000,000 ",#NAME?,6.20%,#NAME?,10,High,Low,Obviously better than others,Low,Low,No,No,Yes,Yes,329427,#NAME?,,$0 ,#NAME?,100.00%,#NAME?,Profitable,,No,0,1,No,No,No,No,2,7,1,0,,3,0,0,36,No,,,,,,,,,,,,,,,,,,,,,,,,,,,,,,,,,,,,,,,,,,,,,,,,,,,,
Iliass,1783128,Epilog AI,2/28/2020 11:13,StartEngine,https://www.startengine.com/epilog,https://www.sec.gov/Archives/edgar/data/1783128/000166516020000167/xslC_X01/primary_doc.xml,2/27/2020,"Epilog Imaging Systems, Inc.",Epilog AI,Industrial Automation,AutomationTech,Early,Seed,RegCF,,Equity - Common,,,"$9,200,000 ",,,,9200000,#NAME?,Transactional,B2B/B2C,High Growth,Yes,High,High,No,"$7,611,630,249 ",#NAME?,"$7,611,630,249 ",#NAME?,47.50%,#NAME?,6,High,High,Obviously better than others,High,Low,No,Yes,No,No,0,#NAME?,5089,"$3,000,000 ",#NAME?,0.17%,#NAME?,Pre-Revenue,,Yes,1,2,Yes,No,No,No,2,4,0,0,,6,1,0,53,Yes,,6,0,0,28,,,,,,,,,,,,,,,,,,,,,,,,,,,,,,,,,,,,,,,,,,,,,,,
Iliass,1802761,Anthony's Cookies,2/28/2020 11:18,WeFunder,https://www.sec.gov/Archives/edgar/data/1802761/000167025420000116/xslC_X01/primary_doc.xml,https://www.sec.gov/Archives/edgar/data/1802761/000167025420000116/xslC_X01/primary_doc.xml,2/13/2020,"Anthony's Cookies, Inc",Anthony's Cookies,Food Production,Non-Tech,Early,Series A,RegCF,,Equity - Preferred,,,"$3,600,000 ",,,,3600000,#NAME?,Transactional,B2C,Life Style,No,Low,Low,No,"$18,130,000,000 ",#NAME?,"$18,130,000,000 ",#NAME?,0.20%,#NAME?,1000,Low,Low,Similar to others,Low,High,No,No,Yes,Yes,727179,#NAME?,2897,"$592,741 ",#NAME?,0.49%,#NAME?,Pre-Profit,,Yes,4,1,No,No,Yes,No,0,5,0,0,,22,0,0,42,No,,,,,,,,,,,,,,,,,,,,,,,,,,,,,,,,,,,,,,,,,,,,,,,,,,,,
Iliass,1803861,Melanoid Exchange,2/28/2020 11:23,Buy The Block,https://buytheblock.com/campaign/melanoid-exchange-is-offering-the-crowd-an-opportunity-to-invest-in-a-mobile-ecommercebooking-platform-dedicated-to-connecting-entrepreneurs-of-color-with-the-world,https://www.sec.gov/Archives/edgar/data/1803861/000180386120000002/xslC_X01/primary_doc.xml,2/26/2020,Melanoid Exchange LLC,Melanoid Exchange,Information Technology and Services,MarketplaceTech,Early,Seed,RegCF,,SAFE,,,,"$11,000,000 ",0%,"$11,000,000 ",11000000,#NAME?,Transactional,B2B/B2C,High Growth,Yes,Low,Low,No,"$419,879,000,000 ",#NAME?,"$56,263,786,000 ",#NAME?,9.30%,#NAME?,1000,Low,Low,Similar to others,Low,High,Yes,No,Yes,Yes,0,#NAME?,0,$0 ,#NAME?,100.00%,#NAME?,Pre-Profit,,No,0,2,No,Yes,Yes,No,3,2,0,0,,1,0,0,25,No,,1,0,0,25,No,,,,,,,,,,,,,,,,,,,,,,,,,,,,,,,,,,,,,,,,,,,,,,
Iliass,1752109,Roots & Vine Produce and Caf,2/28/2020 11:26,Buy The Block,https://buytheblock.com/campaign/connecting-farmers-to-people-reconnecting-people-to-real-food-1,https://www.sec.gov/Archives/edgar/data/1752109/000175210920000003/xslC_X01/primary_doc.xml,2/26/2020,"Roots & Vine Produce & Cafe, Inc.",Roots & Vine Produce & Cafe,Food & Beverages,Non-Tech,Early,Seed,RegCF,,Equity - Common,,,"$215,000 ",,,,215000,#NAME?,Transactional,B2C,Life Style,No,Low,Low,No,"$49,067,500,000 ",#NAME?,"$49,067,500,000 ",#NAME?,3.30%,#NAME?,100,Low,Low,Similar to others,Low,High,No,No,No,No,0,#NAME?,0,$0 ,#NAME?,100.00%,#NAME?,Pre-Product,,No,0,1,No,Yes,Yes,No,1,3,1,0,,20,1,0,42,No,,,,,,,,,,,,,,,,,,,,,,,,,,,,,,,,,,,,,,,,,,,,,,,,,,,,
Iliass,1803793,Yahyn,3/2/2020 10:39,NetCapital,https://netcapital.com/companies/yahyn,https://www.sec.gov/Archives/edgar/data/1803793/000166919120000084/xslC_X01/primary_doc.xml,2/28/2020,"Puro Trader, Inc",Yahyn,Wine & Spirits,MarketplaceTech,Early,Seed,RegCF,,Equity - Common,,,"$4,955,781 ",,,,4955781,#NAME?,Transactional,B2C,High Growth,Yes,High,Low,No,"$385,109,000,000 ",#NAME?,"$70,000,000,000 ",#NAME?,3.40%,#NAME?,150,High,Low,Obviously better than others,High,Low,No,No,Yes,Yes,17162,#NAME?,50812,"$500,000 ",#NAME?,10.16%,#NAME?,Pre-Profit,,Yes,3,1,No,No,No,No,1,5,0,3,,3,0,0,40,No,,,,,,,,,,,,,,,,,,,,,,,,,,,,,,,,,,,,,,,,,,,,,,,,,,,,
Iliass,1802096,Teooh,3/2/2020 10:55,Republic,https://republic.co/teooh,https://www.sec.gov/Archives/edgar/data/1802096/000180209620000006/xslC_X01/primary_doc.xml,2/25/2020,"Teooh, Inc",Teooh,Events Services,MediaTech,Early,Seed,RegCF,RegD 506(B),SAFE,,,,"$10,000,000 ",0%,"$10,000,000 ",10000000,#NAME?,Transactional,B2B,High Growth,Yes,High,High,No,"$860,000,000,000 ",#NAME?,"$860,000,000,000 ",#NAME?,7.00%,#NAME?,15,High,High,Obviously better than others,High,Low,No,No,No,No,0,#NAME?,134307,"$2,440,000 ",#NAME?,5.50%,#NAME?,Pre-Revenue,,No,0,1,No,No,No,No,2,8,0,3,,2,0,0,42,No,,,,,,,,,,,,,,,,,,,,,,,,,,,,,,,,,,,,,,,,,,,,,,,,,,,,
Iliass,1690474,Blue,3/2/2020 10:58,Republic,https://republic.co/blue,https://www.sec.gov/Archives/edgar/data/1690474/000169047420000002/xslC_X01/primary_doc.xml,2/28/2020,"Follow-Mee, Inc.",Blue,Consumer Elecronics,HardwareTech,Early,Seed,RegCF,,SAFE,,,,"$14,750,000 ",0%,"$14,750,000 ",14750000,#NAME?,Transactional,B2B/B2C,High Growth,Yes,High,High,No,"$1,200,000,000 ",#NAME?,"$1,200,000,000 ",#NAME?,3.30%,#NAME?,7,High,Low,Obviously better than others,High,High,No,Yes,Yes,Yes,0,#NAME?,10181,"$600,000 ",#NAME?,1.70%,#NAME?,Pre-Profit,,No,0,4,Yes,Yes,Yes,No,7,11,2,0,,4,1,0,28,No,,8,2,0,28,No,,4,1,0,28,No,,4,1,0,60,Yes,,,,,,,,,,,,,,,,,,,,,,,,,,,,,,,,,,
Iliass,1749594,Asarasi,3/2/2020 11:01,Republic,https://republic.co/asarasi,https://www.sec.gov/Archives/edgar/data/1749594/000174959420000001/xslC_X01/primary_doc.xml,2/24/2020,"Asarasi, Inc.",Asarasi,Food & Beverages,CleanTech,Early,Seed,RegCF,,SAFE,,,,"$10,000,000 ",10%,"$9,000,000 ",9000000,#NAME?,Transactional,B2B/B2C,Life Style,No,High,High,Yes,"$305,061,000,000 ",#NAME?,"$305,061,000,000 ",#NAME?,6.40%,#NAME?,1000,High,Low,Similar to others,High,High,Yes,No,Yes,Yes,184942,#NAME?,14764,"$1,050,000 ",#NAME?,1.41%,#NAME?,Pre-Profit,,Yes,2,1,No,No,No,No,3,5,11,3,,7,2,0,38,No,,,,,,,,,,,,,,,,,,,,,,,,,,,,,,,,,,,,,,,,,,,,,,,,,,,,
Iliass,1793079,Hearo.Live,3/2/2020 11:04,Republic,https://republic.co/hearo-live,https://www.sec.gov/Archives/edgar/data/1793079/000179307920000001/xslC_X01/primary_doc.xml,2/28/2020,"PiQPiQ, Inc.",Hearo.Live,Online Media,MediaTech,Early,Seed,RegCF,,SAFE,,,,"$12,500,000 ",20%,"$10,000,000 ",10000000,#NAME?,Recurring,B2B2C,High Growth,Yes,High,High,No,"1,338,269,900",#NAME?,"$1,338,269,900 ",#NAME?,10.30%,#NAME?,1000,High,Low,Obviously better than others,High,High,No,No,Yes,Yes,0,#NAME?,34961,"$1,800,000 ",#NAME?,1.94%,#NAME?,Pre-Profit,,Yes,10,2,Yes,No,Yes,No,2,7,0,9,,35,4,3,60,No,,9,0,0,31,Yes,,,,,,,,,,,,,,,,,,,,,,,,,,,,,,,,,,,,,,,,,,,,,,
Francis,1761248,Open Box Buy,1/15/2019 15:19,StartEngine,https://www.startengine.com/openboxbuy,https://www.sec.gov/Archives/edgar/data/1761248/000166516020000187/xslC_X01/primary_doc.xml,3/2/2020,Open Box Buy Corp,Open Box Buy,Supermarkets,Non-Tech,Early,Seed,RegCF,,Convertible Note,,,,"$15,000,000 ",20%,"$12,000,000 ",12000000,#NAME?,Transactional,B2C,Life Style,No,Low,High,No,"$60,000,000,000 ",#NAME?,"$200,000,000 ",#NAME?,4.00%,#NAME?,10,Low,Low,Similar to others,Low,High,No,No,No,No,0,#NAME?,3832,$0 ,#NAME?,100.00%,#NAME?,Pre-Product,,No,0,1,No,No,No,No,1,1,0,0,,15,2,2,46,No,,,,,,,,,,,,,,,,,,,,,,,,,,,,,,,,,,,,,,,,,,,,,,,,,,,,
Francis,1758617,Karaganda,1/23/2019 7:54,StartEngine,https://www.startengine.com/karaganda,https://www.sec.gov/Archives/edgar/data/1758617/000166516019001233/xslC_X01/primary_doc.xml,12/20/2019,"Karaganda, LLC",Karaganda,Motion Pictures & Film,Non-Tech,Early,Pre-Seed,RegCF,,Equity - Common,,,"$100,000 ",,,,100000,#NAME?,Transactional,B2B2C,Life Style,No,Low,High,No,"$50,000,000,000 ",#NAME?,"$1,000,000 ",#NAME?,2.00%,#NAME?,200,Low,Low,Obviously worse than others,Low,High,No,No,No,No,0,#NAME?,486,$0 ,#NAME?,100.00%,#NAME?,Pre-Product,,No,0,1,No,No,No,No,1,3,0,0,,5,0,0,38,No,,,,,,,,,,,,,,,,,,,,,,,,,,,,,,,,,,,,,,,,,,,,,,,,,,,,
Francis,1762827,GURU by MSBAI,1/24/2019 14:19,StartEngine,https://www.startengine.com/msbai,https://www.sec.gov/Archives/edgar/data/1762827/000166516020000129/xslC_X01/primary_doc.xml,2/14/2020,"microsurgeonbot, Inc",MSBAI,Computer Software,EnterpriseTech,Early,Pre-Seed,RegCF,,Equity - Common,,,"$5,984,000 ",,,,5984000,#NAME?,Recurring,B2B,High Growth,Yes,High,Low,Yes,"$75,000,000,000 ",#NAME?,"$1,000,000,000 ",#NAME?,25.00%,#NAME?,5,High,Low,Similar to others,Low,Low,No,No,No,No,0,#NAME?,3168,$0 ,#NAME?,100.00%,#NAME?,Pre-Product,,Yes,1,2,No,No,No,No,1,1,0,0,,20,0,0,45,No,,15,0,0,45,No,,,,,,,,,,,,,,,,,,,,,,,,,,,,,,,,,,,,,,,,,,,,,,
Francis,1765252,QwikLeaf,2/4/2019 10:55,Fundanna,https://fundanna.com/equity/offer-summary/QwikLeaf,https://www.sec.gov/Archives/edgar/data/1765252/000176525220000002/xslC_X01/primary_doc.xml,1/30/2020,QWIKLEAF LLC,QwikLeaf,Cannabis and CBD,CommerceTech,Early,Pre-Seed,RegCF,,Convertible Note,,,,"$5,000,000 ",20%,"$4,000,000 ",4000000,#NAME?,Recurring,B2B,High Growth,Yes,High,Low,No,"$30,000,000,000 ",#NAME?,"$100,000,000 ",#NAME?,17.00%,#NAME?,30,High,Low,Obviously better than others,High,High,No,No,No,No,0,#NAME?,213,$0 ,#NAME?,100.00%,#NAME?,Pre-Product,,Yes,1,1,No,No,No,No,1,1,0,0,,0,0,0,26,No,,,,,,,,,,,,,,,,,,,,,,,,,,,,,,,,,,,,,,,,,,,,,,,,,,,,
Francis,1769308,WaterRR,2/28/2019 13:39,StartEngine,https://www.startengine.com/waterrr-inc,https://www.sec.gov/Archives/edgar/data/1769308/000166516020000048/xslC_X01/primary_doc.xml,1/24/2020,"WaterRR, Inc.",WaterRR,Enviromental Services,CleanTech,Early,Pre-Seed,RegCF,,Equity - Common,,,"$3,900,000 ",,,,3900000,#NAME?,Recurring,B2B,Life Style,No,Low,High,No,"$30,000,000,000 ",#NAME?,"$2,000,000,000 ",#NAME?,5.00%,#NAME?,1,High,Low,Obviously better than others,High,High,Yes,Yes,No,No,0,#NAME?,0,$0 ,#NAME?,100.00%,#NAME?,Pre-Revenue,,Yes,2,1,No,No,No,No,1,3,0,0,,15,0,0,60,No,,,,,,,,,,,,,,,,,,,,,,,,,,,,,,,,,,,,,,,,,,,,,,,,,,,,
Francis,1769670,81-c,3/7/2019 19:00,StartEngine,https://www.startengine.com/81-c,https://www.sec.gov/Archives/edgar/data/1769670/000166516020000188/xslC_X01/primary_doc.xml,3/3/2020,"81-c, Inc.",81-c,Financial Services,Non-Tech,Early,Seed,RegCF,,Equity - Tokens,,,"$1,250,000 ",,,,1250000,#NAME?,Recurring,B2B,Life Style,No,High,High,No,"$5,800,000,000,000 ",#NAME?,"$50,000,000 ",#NAME?,8.00%,#NAME?,30,High,Low,Similar to others,Low,Low,No,No,No,No,0,#NAME?,,$0 ,#NAME?,100.00%,#NAME?,Pre-Profit,,No,0,2,No,Yes,No,No,2,13,1,0,,15,4,1,40,No,,10,0,0,36,No,,,,,,,,,,,,,,,,,,,,,,,,,,,,,,,,,,,,,,,,,,,,,,
Francis,1767862,Trella Technologies,3/20/2019 13:09,StartEngine,https://www.startengine.com/trella,https://www.sec.gov/Archives/edgar/data/1767862/000166516020000104/xslC_X01/primary_doc.xml,2/11/2020,Trella Technologies LLC,Trella Technologies,Farming,AgriTech,Early,Pre-Seed,RegCF,,Convertible Note,,,,"$30,000,000 ",20%,"$24,000,000 ",24000000,#NAME?,Transactional,B2B/B2C,Life Style,No,High,High,No,"$35,000,000,000 ",#NAME?,"$4,000,000,000 ",#NAME?,10.00%,#NAME?,10,High,Low,Obviously better than others,Low,Low,No,No,No,Yes,68,#NAME?,3660,$0 ,#NAME?,100.00%,#NAME?,Pre-Profit,,Yes,1,2,No,Yes,Yes,No,1,2,3,0,,15,1,0,40,No,,15,0,0,39,No,,,,,,,,,,,,,,,,,,,,,,,,,,,,,,,,,,,,,,,,,,,,,,
Francis,1771429,Como Audio,3/26/2019 13:29,WeFunder,https://wefunder.com/como.audio,https://www.sec.gov/Archives/edgar/data/1771429/000167025419000123/xslC_X01/primary_doc.xml,3/22/2019,"Como Audio, Inc.",Como Audio,Music,HardwareTech,Early,Pre-Seed,RegCF,,Equity - Preferred,,,"$10,000,000 ",,,,10000000,#NAME?,Transactional,B2C,Life Style,No,High,High,No,"$5,000,000,000 ",#NAME?,"$2,000,000,000 ",#NAME?,23.00%,#NAME?,20,High,Low,Obviously better than others,Low,High,No,No,Yes,Yes,1943802,#NAME?,74802,"$5,674,579 ",#NAME?,1.32%,#NAME?,Pre-Profit,,No,0,1,No,No,No,No,1,8,0,0,,30,2,2,60,No,,,,,,,,,,,,,,,,,,,,,,,,,,,,,,,,,,,,,,,,,,,,,,,,,,,,
Francis,1771389,Shira Productions,4/1/2019 14:28,Razitall,https://www.razitall.com/pitch/life-after-heart-transplant-a-documentary,https://www.sec.gov/Archives/edgar/data/1771389/000166828719000009/xslC_X01/primary_doc.xml,4/1/2019,"Shira Productions, LLC",Shira Productions,Motion Pictures & Film,Non-Tech,Early,Pre-Seed,RegCF,,CAFES,,,,"$1,600,000 ",0%,"$1,600,000 ",1600000,#NAME?,Transactional,B2B2C,Life Style,No,Low,High,No,"$50,000,000 ",#NAME?,"$15,000,000 ",#NAME?,2.00%,#NAME?,200,Low,Low,Obviously worse than others,Low,High,No,No,No,No,0,#NAME?,0,$0 ,#NAME?,100.00%,#NAME?,Pre-Product,,No,0,1,No,No,No,No,1,1,0,0,,0,0,0,60,No,,,,,,,,,,,,,,,,,,,,,,,,,,,,,,,,,,,,,,,,,,,,,,,,,,,,
Francis,1772701,Simpkins E-Bikes,4/4/2019 14:25,Razitall,https://www.razitall.com/pitch/simpkins-electric-bicycles,https://www.sec.gov/Archives/edgar/data/1772701/000166828719000011/xslC_X01/primary_doc.xml,4/4/2019,"Simpkins E-Bikes, Inc.",Simpkins E-Bikes,"Health, Welness & Fitness",HealthTech,Early,Pre-Seed,RegCF,,CAFES,,,,"$750,000 ",0%,"$750,000 ",750000,#NAME?,Transactional,B2B,Life Style,No,Low,High,No,"$25,000,000,000 ",#NAME?,"$1,000,000,000 ",#NAME?,15.00%,#NAME?,20,Low,Low,Similar to others,Low,Low,No,No,No,No,0,#NAME?,0,$0 ,#NAME?,100.00%,#NAME?,Pre-Product,,No,0,1,No,No,No,No,1,1,0,0,,30,3,0,60,No,,,,,,,,,,,,,,,,,,,,,,,,,,,,,,,,,,,,,,,,,,,,,,,,,,,,
Francis,1796364,NovoMoto,1/6/2020 11:38,WeFunder,https://wefunder.com/novomoto,https://www.sec.gov/Archives/edgar/data/1796364/000167025419000730/xslC_X01/primary_doc.xml,12/19/2019,Novomoto LLC,Novomoto,Renewables & Envirnoment,CleanTech,Early,Pre-Seed,RegCF,,Convertible Note,,,,"$4,500,000 ",20%,"$3,600,000 ",3600000,#NAME?,Recurring,B2C,Life Style,No,Low,High,No,"$25,000,000,000 ",#NAME?,"$1,000,000,000 ",#NAME?,30.00%,#NAME?,10,Low,High,Obviously better than others,Low,High,Yes,No,Yes,Yes,21045,#NAME?,2552,"$40,000 ",#NAME?,6.38%,#NAME?,Pre-Profit,,No,0,2,Yes,No,Yes,No,4,5,0,0,,2,0,0,30,No,,2,0,0,33,No,,,,,,,,,,,,,,,,,,,,,,,,,,,,,,,,,,,,,,,,,,,,,,
Francis,1707572,Oodles Corporation,1/6/2020 11:42,WeFunder,https://wefunder.com/oodles,https://www.sec.gov/Archives/edgar/data/1707572/000167025419000728/xslC_X01/primary_doc.xml,12/19/2019,Oodles Corporation,Oodles,Restaurants,FoodTech,Early,Seed,RegCF,,SAFE,,,,"$10,000,000 ",20%,"$8,000,000 ",8000000,#NAME?,Recurring,B2C,High Growth,Yes,High,Low,No,"$100,000,000,000 ",#NAME?,"$200,000,000 ",#NAME?,3.00%,#NAME?,5,High,Low,Obviously better than others,Low,High,No,No,Yes,Yes,9301,#NAME?,13464,"$675,789 ",#NAME?,1.99%,#NAME?,Pre-Profit,,No,0,2,No,No,Yes,No,4,4,0,0,,20,0,0,52,Yes,,20,0,0,48,Yes,,,,,,,,,,,,,,,,,,,,,,,,,,,,,,,,,,,,,,,,,,,,,,
Francis,1783627,Narrative Food,1/6/2020 12:05,WeFunder,https://wefunder.com/narrative.food,https://www.sec.gov/Archives/edgar/data/1783627/000167025419000534/xslC_X01/primary_doc.xml,9/20/2019,"Out of the Box Collective, Inc.",Narrative Food,Food & Beverages,RetailTech,Early,Seed,RegCF,,Equity - Preferred,,,"$2,000,000 ",,,,2000000,#NAME?,Transactional,B2C,Life Style,No,Low,High,No,"$7,000,000,000 ",#NAME?,"$100,000,000 ",#NAME?,30.00%,#NAME?,50,Low,Low,Similar to others,Low,High,No,No,Yes,Yes,510377,#NAME?,0,"$131,876 ",#NAME?,100.00%,#NAME?,Profitable,,No,0,1,No,Yes,No,No,1,1,0,0,,0,0,0,57,No,,,,,,,,,,,,,,,,,,,,,,,,,,,,,,,,,,,,,,,,,,,,,,,,,,,,
Francis,1763898,SecretDays,1/7/2020 11:53,Razitall,https://www.razitall.com/pitch/an-online-ed-tech-industry-app-through-a-call,https://www.sec.gov/Archives/edgar/data/1763898/000166828719000006/xslC_X01/primary_doc.xml,3/15/2019,SECRETDAYS CO,SecretDays,E-learning,EdTech,Early,Pre-Seed,RegCF,,CAFES,,,,"$580,000 ",0%,"$580,000 ",580000,#NAME?,Transactional,B2C,Life Style,No,High,Low,No,"$7,500,000,000 ",#NAME?,"$10,000,000 ",#NAME?,9.00%,#NAME?,100,Low,Low,Obviously worse than others,Low,High,No,No,No,No,0,#NAME?,0,$0 ,#NAME?,100.00%,#NAME?,Pre-Product,,No,0,1,No,No,Yes,No,1,1,0,0,,0,0,0,30,No,,,,,,,,,,,,,,,,,,,,,,,,,,,,,,,,,,,,,,,,,,,,,,,,,,,,
Francis,1797421,NIRA Skin,1/8/2020 11:16,StartEngine,https://www.startengine.com/nira-skin,https://www.sec.gov/Archives/edgar/data/1797421/000166516020000023/xslC_X01/primary_doc.xml,1/8/2020,Dermal Photonics Corporation,NIRA Skin,"Health, Welness & Fitness",HealthTech,Early,Pre-Seed,RegCF,,Equity - Common,,,"$16,000,000 ",,,,16000000,#NAME?,Transactional,B2B/B2C,Life Style,No,High,High,No,"$100,000,000,000 ",#NAME?,"$1,000,000,000 ",#NAME?,4.00%,#NAME?,20,High,High,Obviously better than others,Low,High,No,Yes,Yes,Yes,2388,#NAME?,27978,$0 ,#NAME?,100.00%,#NAME?,Pre-Profit,,No,0,1,No,No,No,No,2,8,0,0,,15,1,0,53,No,,,,,,,,,,,,,,,,,,,,,,,,,,,,,,,,,,,,,,,,,,,,,,,,,,,,
Francis,1716822,70 Million Jobs,1/9/2020 11:43,Republic,https://republic.co/70-million-jobs,https://www.sec.gov/Archives/edgar/data/1716822/000171682220000004/xslC_X01/primary_doc.xml,1/10/2020,"70 Million Resources, Inc.",70 Million Jobs,Staffing & Recruiting,MarketplaceTech,Early,Seed,RegCF,,SAFE,,,,"$10,000,000 ",0%,"$10,000,000 ",10000000,#NAME?,Transactional,B2B/B2C,High Growth,Yes,Low,Low,Yes,"$160,000,000,000 ",#NAME?,"$1,000,000,000 ",#NAME?,3.00%,#NAME?,100,High,High,Obviously better than others,Low,Low,Yes,No,Yes,Yes,86992,#NAME?,35537,"$1,400,000 ",#NAME?,2.54%,#NAME?,Pre-Profit,,Yes,3,1,No,No,No,No,1,8,0,1,,20,4,1,66,No,,,,,,,,,,,,,,,,,,,,,,,,,,,,,,,,,,,,,,,,,,,,,,,,,,,,
Francis,1791548,Natural Selection,1/9/2020 11:46,Republic,https://republic.co/natural-selection,https://www.sec.gov/Archives/edgar/data/1791548/000179154820000001/xslC_X01/primary_doc.xml,1/9/2020,"Natural Selection Nutrition, LLC",Natural Selection,"Health, Welness & Fitness",Non-Tech,Early,Seed,RegCF,,SAFE,,,,"$8,000,000 ",15%,"$6,800,000 ",6800000,#NAME?,Recurring,B2C,Life Style,No,Low,High,No,"$50,000,000,000 ",#NAME?,"$1,000,000,000 ",#NAME?,3.00%,#NAME?,500,Low,Low,Similar to others,Low,High,No,No,Yes,Yes,906604,#NAME?,19642,$0 ,#NAME?,100.00%,#NAME?,Pre-Profit,,Yes,1,2,Yes,Yes,Yes,No,1,24,2,0,,0,0,0,30,No,,0,0,0,30,No,,,,,,,,,,,,,,,,,,,,,,,,,,,,,,,,,,,,,,,,,,,,,,
Francis,1793576,Shockwave Motors,1/10/2020 12:02,NetCapital,https://netcapital.com/companies/shockwave-motors,https://disclosurequest.com/form/shockwave-motors-inc./0001669191-20-000006/?returnURL=,1/9/2020,"Shockwave Motors, Inc.",Shockwave Motors,Automotive,CleanTech,Early,Pre-Seed,RegCF,,Equity - Common,,,"$3,745,000 ",,,,3745000,#NAME?,Transactional,B2C,Life Style,No,Low,High,No,"$120,000,000,000 ",#NAME?,"$5,000,000,000 ",#NAME?,20.00%,#NAME?,20,High,Low,Similar to others,High,Low,No,No,No,No,0,#NAME?,438,$0 ,#NAME?,100.00%,#NAME?,Pre-Revenue,,No,0,3,No,Yes,No,No,3,1,1,0,,30,1,0,55,No,,20,0,0,55,No,,10,0,0,50,No,,,,,,,,,,,,,,,,,,,,,,,,,,,,,,,,,,,,,,,,
Francis,1478263,ElliptiGO,1/10/2020 12:11,StartEngine,https://www.startengine.com/elliptigo-2,https://www.sec.gov/Archives/edgar/data/1478263/000166516020000028/xslC_X01/primary_doc.xml,1/9/2020,"PT Motion Works, Inc.",ElliptiGO,"Health, Welness & Fitness",HealthTech,Growth,Series D,RegCF,,Equity - Preferred,,,"$34,108,515 ",,,,34108515,#NAME?,Transactional,B2B/B2C,Life Style,No,Low,High,No,"$10,000,000,000 ",#NAME?,"$1,000,000,000 ",#NAME?,6.00%,#NAME?,50,High,Low,Obviously better than others,Low,High,No,Yes,Yes,Yes,4642737,#NAME?,59817,"$9,000,000 ",#NAME?,0.66%,#NAME?,Pre-Profit,,No,0,2,No,No,No,No,3,11,0,0,,5,0,0,50,Yes,,15,0,0,50,No,,,,,,,,,,,,,,,,,,,,,,,,,,,,,,,,,,,,,,,,,,,,,,
Francis,1796619,KulaCrate,2/14/2020 11:59,NetCapital,https://netcapital.com/companies/kula-crate,https://disclosurequest.com/form/we-are-kula-llc/0001669191-20-000053/?returnURL=,2/14/2020,"We Are Kula, LLC",KulaCrate,Education Management,Non-Tech,Early,Pre-Seed,RegCF,,Equity - Common,,,"$2,800,000 ",,,,2800000,#NAME?,Recurring,B2C,Life Style,No,Low,Low,No,"$2,000,000,000 ",#NAME?,"$1,000,000,000 ",#NAME?,5.00%,#NAME?,0,High,Low,Obviously better than others,Low,High,No,No,Yes,Yes,110,#NAME?,9090,$0 ,#NAME?,100.00%,#NAME?,Pre-Profit,,Yes,1,3,No,No,No,No,2,2,0,0,,0,3,0,50,No,,0,0,0,50,No,,0,0,0,50,No,,,,,,,,,,,,,,,,,,,,,,,,,,,,,,,,,,,,,,,,
Francis,1554477,Thuzio,2/14/2020 12:11,Republic,https://republic.co/thuzio,https://www.sec.gov/Archives/edgar/data/1554477/000155447720000002/xslC_X01/primary_doc.xml,2/12/2020,"Thuzio, Inc.",Thuzio,Entertainment,Non-Tech,Early,Seed,RegCF,,SAFE,,,,"$7,500,000 ",10%,"$6,750,000 ",6750000,#NAME?,Recurring,B2C,Life Style,No,Low,High,No,"$70,000,000,000 ",#NAME?,"$15,000,000,000 ",#NAME?,4.00%,#NAME?,20,Low,Low,Similar to others,High,High,No,No,Yes,Yes,2667891,#NAME?,86749,"$3,200,000 ",#NAME?,2.71%,#NAME?,Pre-Profit,,Yes,1,2,No,No,Yes,Yes,3,10,0,0,,10,0,0,40,No,,10,0,0,44,Yes,,10,3,0,40,No,,,,,,,,,,,,,,,,,,,,,,,,,,,,,,,,,,,,,,,,
Francis,1677789,"Baqua, Inc.",2/14/2020 12:17,StartEngine,https://www.startengine.com/baqua,https://www.sec.gov/Archives/edgar/data/1677789/000166516020000134/xslC_X01/primary_doc.xml,2/18/2020,"Baqua, Incorporated",Baqua,Food & Beverages,Non-Tech,Early,Seed,RegCF,,Equity - Common,,,"$5,400,000 ",,,,5400000,#NAME?,Transactional,B2B/B2C,Life Style,No,Low,Low,No,"$208,000,000,000 ",#NAME?,"$5,000,000 ",#NAME?,8.00%,#NAME?,50,Low,Low,Similar to others,Low,High,No,No,Yes,Yes,6211,#NAME?,21223,$0 ,#NAME?,100.00%,#NAME?,Pre-Profit,,Yes,0,1,No,Yes,No,No,1,1,0,0,,5,0,0,60,No,,,,,,,,,,,,,,,,,,,,,,,,,,,,,,,,,,,,,,,,,,,,,,,,,,,,
Francis,1788193,COLORS: Oakland,2/14/2020 12:23,WeFunder,https://wefunder.com/colors,https://www.sec.gov/Archives/edgar/data/1788193/000167025420000074/xslC_X01/primary_doc.xml,1/29/2020,COLORS Oakland LLC,COLORS: Oakland,Restaurants,Non-Tech,Early,Pre-Seed,RegCF,,Equity - Preferred,,,"$2,000,000 ",,,,2000000,#NAME?,Transactional,B2C,Life Style,No,Low,High,No,"$100,000,000,000 ",#NAME?,"$20,000,000 ",#NAME?,3.00%,#NAME?,50,Low,Low,Similar to others,Low,High,Yes,No,No,No,0,#NAME?,0,$0 ,#NAME?,100.00%,#NAME?,Pre-Product,,Yes,0,1,No,Yes,Yes,No,3,1,0,0,,15,0,0,47,Yes,,,,,,,,,,,,,,,,,,,,,,,,,,,,,,,,,,,,,,,,,,,,,,,,,,,,
Francis,1713366,Incluzion,2/18/2020 11:39,WeFunder,https://wefunder.com/incluzion,https://www.sec.gov/Archives/edgar/data/1713366/000167025419000673/xslC_X01/primary_doc.xml,11/22/2019,Spendwith Corp dba Incluzion,Incluzion,Staffing & Recruiting,MarketplaceTech,Early,Seed,RegCF,,SAFE,,,,"$2,500,000 ",20%,"$2,000,000 ",2000000,#NAME?,Transactional,B2B/B2C,High Growth,Yes,Low,Low,Yes,"$150,000,000,000 ",#NAME?,"$25,000,000,000 ",#NAME?,20.00%,#NAME?,10,High,High,Obviously better than others,High,High,Yes,No,Yes,Yes,1020,#NAME?,1492,"$44,421 ",#NAME?,3.36%,#NAME?,Pre-Profit,,No,0,1,No,No,Yes,No,4,1,3,0,,10,4,0,39,No,,,,,,,,,,,,,,,,,,,,,,,,,,,,,,,,,,,,,,,,,,,,,,,,,,,,
Francis,1722138,Politiscope,,SeedInvest,https://www.seedinvest.com/politiscope/seed/highlights,https://www.sec.gov/Archives/edgar/data/1722138/000172213820000001/xslC_X01/primary_doc.xml,3/6/2020,"Politiscope, Inc.",Politiscope,Civic and Social Organization,MediaTech,Early,Seed,RegCF,RegD 506(C),Convertible Note,,,,"$8,000,000 ",20%,"$6,400,000 ",6400000,#NAME?,Recurring,B2B/B2C,High Growth,Yes,High,Low,No,"$10,000,000,000 ",#NAME?,"$200,000,000 ",#NAME?,10.00%,#NAME?,10,High,High,Obviously better than others,High,Low,Yes,No,Yes,Yes,647,#NAME?,67939,"$975,000 ",#NAME?,6.97%,#NAME?,Pre-Profit,,Yes,1,3,No,No,Yes,Yes,5,4,7,0,,5,2,0,32,No,,0,1,0,28,No,,0,1,0,30,No,,,,,,,,,,,,,,,,,,,,,,,,,,,,,,,,,,,,,,,,
Francis,1804340,"Tuffy Packs, Inc.",,StartEngine,https://www.startengine.com/tuffypacks,https://www.sec.gov/Archives/edgar/data/1804340/000166516020000233/xslC_X01/primary_doc.xml,3/13/2020,"Tuffy Packs, Inc.",Tuffy Packs,Consumer Goods,Non-Tech,Early,Pre-Seed,RegCF,,Equity - Common,,,"$4,500,000 ",,,,4500000,#NAME?,Transactional,B2B/B2C,Life Style,No,High,Low,No,"$5,000,000,000 ",#NAME?,"$250,000,000 ",#NAME?,5.00%,#NAME?,20,Low,Low,Similar to others,High,High,No,No,Yes,Yes,255128,#NAME?,1168,$0 ,#NAME?,100.00%,#NAME?,Pre-Profit,,No,0,2,No,No,No,No,2,2,0,0,,5,1,0,55,No,,10,0,0,40,No,,,,,,,,,,,,,,,,,,,,,,,,,,,,,,,,,,,,,,,,,,,,,,
Francis,1754733,Slash Haircare,,Fundopolis,https://fundopolis.com/raisedetails?id=4977250b-c81b-4947-a175-c0b0b037f097,https://www.sec.gov/Archives/edgar/data/1754733/000178043920000009/xslC_X01/primary_doc.xml,3/10/2020,Slash Beauty Inc.,Slash Haircare,Consumer Goods,Non-Tech,Early,Seed,RegCF,,Equity - Common,,,"$4,000,000 ",,,,4000000,#NAME?,Transactional,B2B/B2C,Life Style,No,Low,Low,No,"$80,000,000,000 ",#NAME?,"$1,000,000,000 ",#NAME?,3.00%,#NAME?,20,High,Low,Similar to others,Low,High,No,No,Yes,Yes,8008,#NAME?,8418,$0 ,#NAME?,100.00%,#NAME?,Pre-Profit,,No,0,3,Yes,Yes,Yes,No,4,3,0,0,,20,0,0,40,Yes,,10,0,0,30,No,,10,0,0,40,Yes,,,,,,,,,,,,,,,,,,,,,,,,,,,,,,,,,,,,,,,,
Francis,1803581,FLUUX,,SeedInvest,https://www.seedinvest.com/fluux/pre.seed/highlights,https://www.sec.gov/Archives/edgar/data/1803581/000180358120000002/xslC_X01/primary_doc.xml,3/27/2020,"Fluux, Inc.",Fluux,Computer Hardware,HardwareTech,Early,Pre-Seed,RegCF,RegD 506(C),Convertible Note,,,,"$2,000,000 ",20%,"$1,600,000 ",1600000,#NAME?,Transactional,B2C,High Growth,Yes,High,Low,Yes,"$10,000,000,000 ",#NAME?,"$2,000,000,000 ",#NAME?,20.00%,#NAME?,5,High,Low,Obviously better than others,High,High,No,No,Yes,Yes,11163,#NAME?,11741,"$173,798 ",#NAME?,6.76%,#NAME?,Pre-Profit,,No,0,3,No,No,Yes,No,6,2,1,1,,5,2,0,31,No,,5,0,0,35,No,,10,4,4,39,Yes,,,,,,,,,,,,,,,,,,,,,,,,,,,,,,,,,,,,,,,,
Francis,1805525,"KapitalWise, Inc.",,MicroVentures,https://app.microventures.com/crowdfunding/kapitalwise,https://www.sec.gov/Archives/edgar/data/1805525/000180552520000002/xslC_X01/primary_doc.xml,3/18/2020,"KapitalWise, Inc.",KapitalWise,Financial Services,FinTech,Early,Seed,RegCF,,Convertible Note,,,,"$8,000,000 ",20%,"$6,400,000 ",6400000,#NAME?,Recurring,B2B,High Growth,Yes,High,Low,Yes,"$120,000,000,000 ",#NAME?,"$10,000,000,000 ",#NAME?,22.00%,#NAME?,20,High,Low,Obviously better than others,High,High,No,No,Yes,Yes,79000,#NAME?,16427,"$250,000 ",#NAME?,6.57%,#NAME?,Pre-Profit,,No,0,1,No,No,Yes,No,1,7,0,0,,15,0,0,35,No,,,,,,,,,,,,,,,,,,,,,,,,,,,,,,,,,,,,,,,,,,,,,,,,,,,,
Francis,1805743,Goodwolf Feeding Company,,MicroVentures,https://app.microventures.com/crowdfunding/goodwolf,https://www.sec.gov/Archives/edgar/data/1805743/000180574320000002/xslC_X01/primary_doc.xml,3/20/2020,Goodwolf Feeding Company,Goodwolf,Consumer Goods,Non-Tech,Early,Seed,RegCF,,Convertible Note,,,,"$1,000,000 ",20%,"$800,000 ",800000,#NAME?,Transactional,B2B2C,Life Style,No,Low,Low,No,"$200,000,000,000 ",#NAME?,"$300,000,000 ",#NAME?,6.00%,#NAME?,100,Low,Low,Similar to others,Low,High,No,No,Yes,Yes,156079,#NAME?,1907,$0 ,#NAME?,100.00%,#NAME?,Pre-Profit,,No,0,1,No,No,No,No,1,0,0,0,,10,0,0,45,No,,,,,,,,,,,,,,,,,,,,,,,,,,,,,,,,,,,,,,,,,,,,,,,,,,,,
Francis,1800214,Calyx Cultivation Tech,2/20/2020 14:16,WeFunder,https://wefunder.com/calyx.cultivation,https://www.sec.gov/Archives/edgar/data/1800214/000167025420000174/xslC_X01/primary_doc.xml,2/18/2020,Calyx Cultivation Tech. Corp.,Calyx Cultivation Tech,Farming,AgriTech,Early,Seed,RegCF,,SAFE,,,,"$5,900,000 ",10%,"$5,310,000 ",5310000,#NAME?,Transactional,B2B/B2C,High Growth,No,High,High,No,"$10,000,000,000 ",#NAME?,"$1,000,000,000 ",#NAME?,9.00%,#NAME?,10,Low,Low,Similar to others,High,High,No,Yes,Yes,Yes,27916,#NAME?,31896,"$1,150,000 ",#NAME?,2.77%,#NAME?,Pre-Profit,,No,0,1,No,No,No,No,1,3,0,0,,10,0,0,55,No,,,,,,,,,,,,,,,,,,,,,,,,,,,,,,,,,,,,,,,,,,,,,,,,,,,,
Francis,1791400,Pippy Sips,2/20/2020 14:23,WeFunder,https://wefunder.com/pippysips,https://www.sec.gov/Archives/edgar/data/1791400/000167025419000627/xslC_X01/primary_doc.xml,10/28/2019,Pippy Sips LLC,Pippy Sips,Consumer Goods,Non-Tech,Early,Pre-Seed,RegCF,,Convertible Note,,,,"$2,500,000 ",0%,"$2,500,000 ",2500000,#NAME?,Transactional,B2C,Life Style,No,Low,Low,No,"$1,410,000,000 ",#NAME?,"$10,000,000 ",#NAME?,8.00%,#NAME?,5,High,Low,Obviously better than others,Low,High,Yes,No,No,No,0,#NAME?,1237,"$20,000 ",#NAME?,6.19%,#NAME?,Pre-Profit,,No,0,2,Yes,Yes,No,No,2,2,0,0,,5,0,0,37,No,,5,0,0,37,No,,,,,,,,,,,,,,,,,,,,,,,,,,,,,,,,,,,,,,,,,,,,,,
Francis,1803418,Mindcurrent,2/20/2020 14:26,WeFunder,https://wefunder.com/mindcurrent,https://www.sec.gov/Archives/edgar/data/1803418/000167025420000110/xslC_X01/primary_doc.xml,2/12/2020,Mindcurrent Inc.,Mindcurrent,Computer Software,EnterpriseTech,Early,Pre-Seed,RegCF,,SAFE,,,,"$4,000,000 ",30%,"$2,800,000 ",2800000,#NAME?,Recurring,B2B,High Growth,Yes,High,Low,No,"$90,700,000,000 ",#NAME?,"$100,000,000 ",#NAME?,7.00%,#NAME?,10,High,Low,Similar to others,High,High,No,No,No,No,0,#NAME?,45450,"$465,000 ",#NAME?,9.77%,#NAME?,Pre-Profit,,No,0,2,No,No,No,No,3,3,0,0,,10,0,0,36,No,,10,1,0,38,No,,,,,,,,,,,,,,,,,,,,,,,,,,,,,,,,,,,,,,,,,,,,,,
Francis,1802405,Curastory,2/20/2020 14:30,WeFunder,https://wefunder.com/fundcurastory,https://www.sec.gov/Archives/edgar/data/1802405/000167025420000088/xslC_X01/primary_doc.xml,2/4/2020,Curastory Inc.,Curastory,Online Media,AdTech,Early,Pre-Seed,RegCF,,SAFE,,,,"$6,000,000 ",10%,"$5,400,000 ",5400000,#NAME?,Transactional,B2B,High Growth,Yes,Low,Low,Yes,"$333,000,000,000 ",#NAME?,"$1,100,000,000 ",#NAME?,19.00%,#NAME?,3,High,High,Obviously better than others,Low,Low,No,No,No,No,0,#NAME?,1047,$0 ,#NAME?,100.00%,#NAME?,Pre-Product,,No,0,1,No,Yes,Yes,No,1,1,0,0,,5,0,0,27,No,,,,,,,,,,,,,,,,,,,,,,,,,,,,,,,,,,,,,,,,,,,,,,,,,,,,
Francis,1798352,ASK Education,2/21/2020 10:31,NetCapital,https://netcapital.com/companies/ask,https://www.sec.gov/Archives/edgar/data/1798352/000166919120000120/xslC_X01/primary_doc.xml,3/16/2020,Acquire Skills and Knowledge Education Inc.,ASK Education,E-learning,EdTech,Early,Pre-Seed,RegCF,,Equity - Common,,,"$2,587,500 ",,,,2587500,#NAME?,Recurring,B2B/B2C,High Growth,Yes,High,Low,No,"$6,000,000,000,000 ",#NAME?,"$100,000,000,000 ",#NAME?,17.00%,#NAME?,20,Low,Low,Obviously worse than others,Low,High,No,No,No,No,0,#NAME?,838,$0 ,#NAME?,100.00%,#NAME?,Pre-Product,,No,0,3,No,Yes,No,No,4,3,0,0,,10,0,0,60,No,,15,0,0,60,No,,10,0,0,50,No,,,,,,,,,,,,,,,,,,,,,,,,,,,,,,,,,,,,,,,,
Francis,1792121,Event Hollow,2/21/2020 10:35,Republic,https://republic.co/event-hollow,https://www.sec.gov/Archives/edgar/data/1792121/000179212120000002/xslC_X01/primary_doc.xml,2/20/2020,"Event Hollow, Inc.",Event Hollow,Events Services,MarketplaceTech,Early,Seed,RegCF,,SAFE,,,,"$6,000,000 ",0%,"$6,000,000 ",6000000,#NAME?,Transactional,B2B/B2C,High Growth,Yes,Low,Low,No,"$2,000,000,000,000 ",#NAME?,"$72,000,000,000 ",#NAME?,9.00%,#NAME?,30,High,Low,Obviously better than others,Low,High,No,No,Yes,Yes,0,#NAME?,15266,"$440,000 ",#NAME?,3.47%,#NAME?,Pre-Profit,,No,0,2,No,Yes,No,No,4,5,6,1,,10,1,0,32,No,,5,2,1,,,,,,,,,,,,,,,,,,,,,,,,,,,,,,,,,,,,,,,,,,,,,,,,
Dan,1733206,Eclipse Diagnostics,4/11/2019 19:29,StartEngine,https://www.startengine.com/eclipsedx,https://www.sec.gov/Archives/edgar/data/1733206/000166516020000016/xslC_X01/primary_doc.xml,1/7/2020,"Eclipse Diagnostics, Inc.",Eclipse Diagnostics,Farming,AgriTech,Early,Seed,RegCF,,Equity - Common,,,"$11,189,805 ",,,,11189805,#NAME?,Recurring,B2B/B2C,High Growth,Yes,High,Low,No,"$200,000,000,000 ",#NAME?,"$1,134,000,000 ",#NAME?,13.00%,#NAME?,5,Low,Low,Similar to others,,,No,Yes,No,No,0,#NAME?,12219,"$171,000 ",#NAME?,7.15%,#NAME?,Pre-Revenue,,No,0,2,Yes,No,No,No,3,5,1,0,,5,1,0,32,Yes,,25,1,1,58,No,,,,,,,,,,,,,,,,,,,,,,,,,,,,,,,,,,,,,,,,,,,,,,
Dan,1772451,Plugsby,4/22/2019 14:11,Razitall,https://www.razitall.com/pitch/the-plugsby-house-a-creative-co-living-community,https://www.sec.gov/Archives/edgar/data/1772451/000166828719000012/xslC_X01/primary_doc.xml,4/22/2019,"Plugsby, LLC",Plugsby,Real Estate,Non-Tech,Early,Pre-Seed,RegCF,,CAFES,,,,"$977,500 ",0%,"$977,500 ",977500,#NAME?,Recurring,B2C,Life Style,Yes,High,Low,No,"$273,500,000,000 ",#NAME?,"$30,000,000,000 ",#NAME?,9.00%,#NAME?,11,Low,Low,Similar to others,,,Yes,No,No,No,0,#NAME?,0,$0 ,#NAME?,100.00%,#NAME?,Pre-Product,,No,0,1,Yes,No,Yes,No,0,3,0,0,,1,0,0,42,No,,,,,,,,,,,,,,,,,,,,,,,,,,,,,,,,,,,,,,,,,,,,,,,,,,,,
Dan,1767762,Bounty0x,5/1/2019 9:33,Republic,https://republic.co/bounty0x,https://www.sec.gov/Archives/edgar/data/1767762/000176776219000001/xslC_X01/primary_doc.xml,12/23/2019,"Bounty0x, Inc.",Bounty0x,Marketing & Advertising,AdTech,Early,Seed,RegCF,,SAFE,,,,"$5,000,000 ",20%,"$4,000,000 ",4000000,#NAME?,Recurring,B2C,High Growth,Yes,High,Low,Yes,"$6,500,000,000 ",#NAME?,"$6,500,000,000 ",#NAME?,32.00%,#NAME?,740,Low,Low,Similar to others,,,No,No,Yes,Yes,0,#NAME?,1057,"$1,200,000 ",#NAME?,0.09%,#NAME?,Pre-Profit,,Yes,1,2,Yes,No,Yes,No,3,24,3,0,,2,0,0,34,Yes,,4,0,0,30,Yes,,,,,,,,,,,,,,,,,,,,,,,,,,,,,,,,,,,,,,,,,,,,,,
Dan,1773714,Core State Holdings,5/1/2019 10:28,Fundanna,https://fundanna.com/equity/offer-summary/CannaSOS,https://www.sec.gov/Archives/edgar/data/1773714/000177371420000001/xslC_X01/primary_doc.xml,2/21/2020,Core State Holdings Corp.,CannaSOS and PTP Wallet,Cannabis and CBD,CommerceTech,Growth,Series B,RegCF,,Equity - Preferred,,,"$4,054,000 ",,,,4054000,#NAME?,Recurring,B2B/B2C,High Growth,Yes,High,Low,No,"$200,000,000,000 ",#NAME?,"$200,000,000,000 ",#NAME?,13.00%,#NAME?,16,Low,Low,Similar to others,,,No,No,Yes,Yes,0,#NAME?,83,"$3,005,000 ",#NAME?,0.00%,#NAME?,Pre-Revenue,,Yes,1,2,Yes,No,Yes,No,1,29,0,0,,10,0,0,42,No,,3,0,0,,No,,,,,,,,,,,,,,,,,,,,,,,,,,,,,,,,,,,,,,,,,,,,,,
Dan,1775091,420 Real Estate,5/15/2019 11:01,Fundanna,https://fundanna.com/equity/offer-summary/420RealEstate,https://www.sec.gov/Archives/edgar/data/1775091/000177509120000001/xslC_X01/primary_doc.xml,1/13/2020,"420 Real Estate, LLC",420 Real Estate,Commercial Real Estate,Non-Tech,Early,Pre-Seed,RegCF,,Convertible Note,,,,"$2,500,000 ",10%,"$2,250,000 ",2250000,#NAME?,Recurring,B2B,Life Style,Yes,High,High,No,"$200,000,000,000 ",#NAME?,"$4,710,000,000 ",#NAME?,16.00%,#NAME?,6,Low,Low,Similar to others,,,No,No,No,No,0,#NAME?,50,$0 ,#NAME?,100.00%,#NAME?,Pre-Revenue,,No,0,1,No,No,Yes,No,2,1,0,0,,0,2,0,55,No,,,,,,,,,,,,,,,,,,,,,,,,,,,,,,,,,,,,,,,,,,,,,,,,,,,,
Dan,1773062,Connection Publishing,5/16/2019 11:46,Mr. Crowd,https://www.mrcrowd.com/company/CP,https://www.sec.gov/Archives/edgar/data/1773062/000166610219000015/xslC_X01/primary_doc.xml,5/13/2019,"Connection Publishing, LLC",Connection Publishing,Media Production,Non-Tech,Growth,Series A,RegCF,,Equity - Common,,,"$2,400,000 ",,,,2400000,#NAME?,Recurring,B2B,Life Style,Yes,Low,Low,No,"$28,000,000,000 ",#NAME?,"$28,000,000,000 ",#NAME?,-5.00%,#NAME?,"7,218",Low,Low,Obviously better than others,,,Yes,No,Yes,Yes,305370,#NAME?,0,$0 ,#NAME?,100.00%,#NAME?,Profitable,,Yes,4,2,Yes,Yes,No,No,3,3,0,0,,11,0,0,44,No,,0,0,0,44,No,,,,,,,,,,,,,,,,,,,,,,,,,,,,,,,,,,,,,,,,,,,,,,
Dan,1776148,EV Trail,5/20/2019 14:08,Razitall,https://www.razitall.com/pitch/help-enable-electric-vehicle-road-travel-in-the-us,https://www.sec.gov/Archives/edgar/data/1776148/000166828719000015/xslC_X01/primary_doc.xml,5/20/2019,EV Trail LLC,EV Trail,Automotive,CleanTech,Early,Seed,RegCF,,CAFES,,,,"$760,000 ",0%,"$760,000 ",760000,#NAME?,Recurring,B2B2C,High Growth,Yes,Low,High,No,"$11,740,000,000 ",#NAME?,"$832,000,000 ",#NAME?,32.00%,#NAME?,5,Low,Low,Similar to others,,,Yes,No,No,No,0,#NAME?,32,$0 ,#NAME?,100.00%,#NAME?,Pre-Revenue,,No,0,1,No,No,No,No,0,3,0,0,,0,0,0,42,No,,,,,,,,,,,,,,,,,,,,,,,,,,,,,,,,,,,,,,,,,,,,,,,,,,,,
Dan,1744757,KingsCrowd,5/27/2019 8:46,NetCapital,https://netcapital.com/companies/kingscrowd,https://www.sec.gov/Archives/edgar/data/1744757/000166919120000096/xslC_X01/primary_doc.xml,3/6/2020,Kings Crowd LLC,KingsCrowd,Internet,FinTech,Early,Seed,RegCF,,Equity - Common,,,"$3,062,871 ",,,,3062871,#NAME?,Recurring,B2B/B2C,High Growth,Yes,High,Low,No,"$17,200,000,000 ",#NAME?,"$17,200,000,000 ",#NAME?,15.00%,#NAME?,0,High,High,Obviously better than others,,,No,No,Yes,Yes,2293,#NAME?,5049,"$192,000 ",#NAME?,2.63%,#NAME?,Pre-Profit,,Yes,3,1,Yes,No,No,No,2,15,6,0,,4,1,1,27,No,,,,,,,,,,,,,,,,,,,,,,,,,,,,,,,,,,,,,,,,,,,,,,,,,,,,
Dan,1742637,C Meyers Feldman & Co,6/6/2019 10:54,CrowdSource Funded,https://crowdsourcefunded.com/offerings/13/cycles/13,https://www.sec.gov/Archives/edgar/data/1742637/000168316819001803/xslC_X01/primary_doc.xml,6/5/2019,C. Meyers Feldman & Co.,CMF,Insurance,Non-Tech,Growth,Series A,RegCF,,Equity - Common,,,"$5,000,000 ",,,,5000000,#NAME?,Recurring,B2B,Life Style,Yes,Low,Low,No,"$621,142,000,000 ",#NAME?,"$244,000,000,000 ",#NAME?,5.00%,#NAME?,"2,600",Low,Low,Similar to others,,,No,No,Yes,Yes,782715,#NAME?,0,$0 ,#NAME?,100.00%,#NAME?,Profitable,,No,0,1,Yes,No,No,No,2,9,0,0,,24,1,1,72,No,,,,,,,,,,,,,,,,,,,,,,,,,,,,,,,,,,,,,,,,,,,,,,,,,,,,
Dan,1768911,SanMelix Laboratories,6/20/2019 8:24,StartEngine,https://www.startengine.com/sanmelix,https://www.sec.gov/Archives/edgar/data/1768911/000166516020000035/xslC_X01/primary_doc.xml,1/13/2020,"SanMelix Laboratories, Inc.",SanMelix,Hospital & Health Care,Non-Tech,Early,Seed,RegCF,,Equity - Common,,,"$6,561,600 ",,,,6561600,#NAME?,Transactional,B2B,Life Style,Yes,Low,Low,No,"$10,970,000,000 ",#NAME?,"$10,970,000,000 ",#NAME?,5.00%,#NAME?,,High,Low,Obviously better than others,,,Yes,Yes,Yes,No,0,#NAME?,24248,"$500,686 ",#NAME?,4.84%,#NAME?,Pre-Revenue,,Yes,1,2,Yes,Yes,No,No,3,2,3,0,,34,1,0,58,Yes,,0,0,0,60,No,,,,,,,,,,,,,,,,,,,,,,,,,,,,,,,,,,,,,,,,,,,,,,
Dan,1787023,LEAF & ASH,9/18/2019 10:04,Fundanna,https://fundanna.com/equity/offer-summary/LEAFandASH,https://www.sec.gov/Archives/edgar/data/1787023/000178702320000001/xslC_X01/primary_doc.xml,1/14/2020,Leat & Ash LLC,Leaf & Ash,Commercial Real Estate,Non-Tech,Early,Pre-Seed,RegCF,,Convertible Note,,,,"$3,998,304 ",0%,"$3,998,304 ",3998304,#NAME?,Recurring,B2B,Life Style,Yes,High,High,No,"$200,000,000,000 ",#NAME?,"$345,000,000 ",#NAME?,16.00%,#NAME?,1,Low,Low,Similar to others,,,No,No,No,No,0,#NAME?,514,$0 ,#NAME?,100.00%,#NAME?,Pre-Product,,No,0,1,No,Yes,No,No,2,1,0,0,,0,1,0,44,No,,,,,,,,,,,,,,,,,,,,,,,,,,,,,,,,,,,,,,,,,,,,,,,,,,,,
Dan,1775538,Liberty Access Technologies,9/20/2019 10:17,StartEngine,https://www.startengine.com/liberty-plugins-inc,https://www.sec.gov/Archives/edgar/data/1775538/000166516020000105/xslC_X01/primary_doc.xml,2/12/2020,"Liberty PlugIns, Inc.",Liberty Access Technologies,Automotive,CleanTech,Growth,Series A,RegCF,,Equity - Common,,,"$19,201,088 ",,,,19201088,#NAME?,Recurring,B2B,High Growth,Yes,Low,High,No,"$50,000,000,000 ",#NAME?,"$11,000,000,000 ",#NAME?,30.00%,#NAME?,27,High,Low,Similar to others,,,Yes,Yes,Yes,Yes,813613,#NAME?,6280,"$3,182,473 ",#NAME?,0.20%,#NAME?,Pre-Profit,,No,0,1,Yes,No,No,No,1,5,0,0,,30,0,0,67,Yes,,,,,,,,,,,,,,,,,,,,,,,,,,,,,,,,,,,,,,,,,,,,,,,,,,,,
Dan,1777011,SoapSox,9/20/2019 10:27,StartEngine,https://www.startengine.com/soapsox,https://www.sec.gov/Archives/edgar/data/1777011/000166516020000152/xslC_X01/primary_doc.xml,2/21/2020,Phillips Entertainment Group Inc.,SoapSox,Consumer Goods,Non-Tech,Growth,Series A,RegCF,,Equity - Common,,,"$6,200,000 ",,,,6200000,#NAME?,Transactional,B2B/B2C,Life Style,Yes,Low,Low,No,"$7,980,000,000 ",#NAME?,"$4,980,000,000 ",#NAME?,8.00%,#NAME?,3,High,Low,Obviously better than others,,,No,Yes,Yes,Yes,759911,#NAME?,691,"$466,986 ",#NAME?,0.15%,#NAME?,Pre-Profit,,Yes,9,1,No,No,Yes,No,1,2,0,0,,9,0,0,43,No,,,,,,,,,,,,,,,,,,,,,,,,,,,,,,,,,,,,,,,,,,,,,,,,,,,,
Dan,1784186,Boyish Records,9/23/2019 10:03,WeFunder,https://wefunder.com/boyishrecords,https://www.sec.gov/Archives/edgar/data/1784186/000167025419000508/xslC_X01/primary_doc.xml,9/6/2019,"Boyish Records, Inc.",Boyish Records,Music,Non-Tech,Early,Pre-Seed,RegCF,,SAFE,,,,"$5,000,000 ",0%,"$5,000,000 ",5000000,#NAME?,Transactional,B2B,Life Style,Yes,Low,Low,No,"$2,000,000,000 ",#NAME?,"$2,000,000,000 ",#NAME?,9.00%,#NAME?,"16,021",Low,Low,Similar to others,,,Yes,No,No,No,500,#NAME?,49,$0 ,#NAME?,100.00%,#NAME?,Pre-Profit,,No,0,2,Yes,Yes,Yes,No,3,2,0,0,,0,0,0,37,Yes,,4,1,1,,No,,,,,,,,,,,,,,,,,,,,,,,,,,,,,,,,,,,,,,,,,,,,,,
Dan,1777204,HelloAva,9/24/2019 10:32,Republic,https://republic.co/helloava,https://www.sec.gov/Archives/edgar/data/1777204/000177720419000008/xslC_X01/primary_doc.xml,11/1/2019,"HelloAva, Inc.",HelloAva,Apparel & Fashion,FashionTech,Early,Seed,RegCF,,SAFE,,,,"$15,000,000 ",0%,"$15,000,000 ",15000000,#NAME?,Transactional,B2C,High Growth,Yes,Low,Low,No,"$135,000,000,000 ",#NAME?,"$5,600,000,000 ",#NAME?,4.00%,#NAME?,13,Low,Low,Obviously better than others,,,No,Yes,Yes,Yes,72144,#NAME?,56156,"$917,981 ",#NAME?,6.12%,#NAME?,Pre-Profit,,Yes,80,3,Yes,Yes,Yes,No,9,17,1,0,,4,0,0,31,Yes,,3,1,0,27,No,,3,0,0,32,Yes,,,,,,,,,,,,,,,,,,,,,,,,,,,,,,,,,,,,,,,,
Dan,1762281,Elastico Tequila Grille Co,9/27/2019 13:50,Razitall,https://www.razitall.com/pitch/elastico-tequila-craft-distillery-kc-bbq,https://www.sec.gov/Archives/edgar/data/1762281/000166828719000056/xslC_X01/primary_doc.xml,9/27/2019,Elastic Tequila Grille Co,Elastico Tequila Mirco Distillery,Wine & Spirits,Non-Tech,Early,Pre-Seed,RegCF,,CAFES,,,,"$3,960,000 ",0%,"$3,960,000 ",3960000,#NAME?,Transactional,B2C,Life Style,Yes,Low,Low,No,"$114,200,000,000 ",#NAME?,"$27,600,000,000 ",#NAME?,4.00%,#NAME?,"7,450",Low,Low,Similar to others,,,No,No,No,No,0,#NAME?,0,"$21,700 ",#NAME?,100.00%,#NAME?,Pre-Product,,No,0,1,Yes,No,Yes,No,2,7,0,0,,6,2,0,27,No,,,,,,,,,,,,,,,,,,,,,,,,,,,,,,,,,,,,,,,,,,,,,,,,,,,,
Dan,1751525,Layali,9/30/2019 10:03,Republic,https://republic.co/layali,https://www.sec.gov/Archives/edgar/data/1785176/000178517619000002/xslC_X01/primary_doc.xml,12/20/2019,Layali LLC,Layali,Food & Beverages,CommerceTech,Growth,Seed,RegCF,,SAFE,,,,"$2,500,000 ",20%,"$2,000,000 ",2000000,#NAME?,Transactional,B2B/B2C,Life Style,Yes,Low,Low,No,"$21,959,000,000 ",#NAME?,"$246,655,000 ",#NAME?,9.00%,#NAME?,9,High,Low,Obviously better than others,,,No,No,Yes,Yes,109413,#NAME?,710,$0 ,#NAME?,100.00%,#NAME?,Profitable,,No,0,1,No,Yes,Yes,No,1,1,0,0,,0,1,0,30,No,,,,,,,,,,,,,,,,,,,,,,,,,,,,,,,,,,,,,,,,,,,,,,,,,,,,
Dan,1752095,Slumber Bump,10/1/2019 11:36,Mr. Crowd,https://www.mrcrowd.com/company/SB,https://www.sec.gov/Archives/edgar/data/1752095/000166610219000021/xslC_X01/primary_doc.xml,10/21/2019,"Slumber Bump, LLC",Slumber Bump,"Health, Welness & Fitness",Non-Tech,Early,Seed,RegCF,,Equity - Common,,,"$5,000,000 ",,,,5000000,#NAME?,Transactional,B2C,Life Style,Yes,Low,Low,No,"$84,200,000,000 ",#NAME?,"$84,200,000,000 ",#NAME?,7.00%,#NAME?,6,Low,Low,Similar to others,,,No,No,Yes,Yes,199139,#NAME?,840,"$36,207 ",#NAME?,2.32%,#NAME?,Pre-Profit,,Yes,0,1,Yes,No,No,No,2,4,0,0,,17,0,0,43,No,,,,,,,,,,,,,,,,,,,,,,,,,,,,,,,,,,,,,,,,,,,,,,,,,,,,
Dan,1787006,SelenBio,10/3/2019 10:34,NetCapital,https://netcapital.com/companies/selenbio,https://www.sec.gov/Archives/edgar/data/1787006/000166919120000024/xslC_X01/primary_doc.xml,1/28/2020,"SelenBio, Inc.",SelenBio,Biotechnology,BioTech,Early,Seed,RegCF,,Equity - Common,,,"$19,621,196 ",,,,19621196,#NAME?,Transactional,B2B,High Growth,Yes,High,High,No,"$2,430,000,000 ",#NAME?,"$2,430,000,000 ",#NAME?,8.00%,#NAME?,12,Low,Low,Obviously better than others,,,No,Yes,Yes,Yes,12142,#NAME?,27828,"$1,602,500 ",#NAME?,1.74%,#NAME?,Pre-Profit,,Yes,0,2,Yes,No,No,No,4,2,4,0,,0,1,1,62,No,,6,0,0,43,Yes,,,,,,,,,,,,,,,,,,,,,,,,,,,,,,,,,,,,,,,,,,,,,,
Dan,1784191,Avenify,10/3/2019 10:43,Republic,https://republic.co/avenify,https://www.sec.gov/Archives/edgar/data/1784191/000178419119000003/xslC_X01/primary_doc.xml,11/6/2019,Avenify Corp.,Avenify,Financial Services,FinTech,Early,Pre-Seed,RegCF,,SAFE,,,,"$4,000,000 ",20%,"$3,200,000 ",3200000,#NAME?,Transactional,B2C,High Growth,Yes,Low,Low,No,"$106,200,000,000 ",#NAME?,"$8,240,000,000 ",#NAME?,-3.00%,#NAME?,98,Low,Low,Similar to others,,,Yes,No,No,No,0,#NAME?,40,"$98,560 ",#NAME?,0.04%,#NAME?,Pre-Revenue,,No,0,2,No,No,No,No,2,7,0,0,,0,1,0,22,No,,0,0,0,23,No,,,,,,,,,,,,,,,,,,,,,,,,,,,,,,,,,,,,,,,,,,,,,,
Dan,1790207,Bright Global Ventures,10/4/2019 13:47,Razitall,https://www.razitall.com/pitch/chinese-global-real-estate-investments,https://www.sec.gov/Archives/edgar/data/1790207/000166828719000059/xslC_X01/primary_doc.xml,10/4/2019,"Bright Global Ventures (DE), Inc.",Bright Global Ventures,Real Estate,Non-Tech,Early,Seed,RegCF,,CAFES,,,,"$7,920,000 ",0%,"$7,920,000 ",7920000,#NAME?,Transactional,B2C,Life Style,Yes,Low,Low,No,"$29,925,000,000 ",#NAME?,"$29,925,000,000 ",#NAME?,6.00%,#NAME?,565,Low,Low,Similar to others,,,No,No,No,No,0,#NAME?,0,"$50,000 ",#NAME?,100.00%,#NAME?,Pre-Revenue,,Yes,500,1,No,Yes,No,No,2,2,0,0,,0,0,0,35,No,,,,,,,,,,,,,,,,,,,,,,,,,,,,,,,,,,,,,,,,,,,,,,,,,,,,
Dan,1787345,SunVessel,10/7/2019 10:27,WeFunder,https://wefunder.com/sunvessel,https://www.sec.gov/Archives/edgar/data/1787345/000167025419000518/xslC_X01/primary_doc.xml,9/11/2019,SunVessel Corp.,SunVessel,Translation & Localisation,TransportationTech,Early,Seed,RegCF,,SAFE,,,,"$5,000,000 ",20%,"$4,000,000 ",4000000,#NAME?,Recurring,B2C,Life Style,Yes,Low,Low,No,"$96,200,000,000 ",#NAME?,"$96,200,000,000 ",#NAME?,16.00%,#NAME?,19,Low,Low,Similar to others,,,Yes,No,No,No,0,#NAME?,2243,"$134,619 ",#NAME?,1.67%,#NAME?,Pre-Product,,No,0,1,No,No,No,No,2,3,3,0,,0,1,1,35,No,,,,,,,,,,,,,,,,,,,,,,,,,,,,,,,,,,,,,,,,,,,,,,,,,,,,
Dan,1782777,Youcanevent,10/8/2019 9:50,Republic,https://republic.co/youcanevent,https://www.sec.gov/Archives/edgar/data/1782777/000178277719000002/xslC_X01/primary_doc.xml,10/8/2019,"Youcanevent, Inc.",Youcan,Events Services,CommerceTech,Growth,Series A,RegCF,,SAFE,,,,"$7,500,000 ",20%,"$6,000,000 ",6000000,#NAME?,Transactional,B2B/B2C,High Growth,Yes,High,Low,Yes,"$5,700,000,000 ",#NAME?,"$5,700,000,000 ",#NAME?,15.00%,#NAME?,37,High,Low,Obviously better than others,,,No,No,Yes,Yes,258659,#NAME?,2390,"$235,000 ",#NAME?,1.02%,#NAME?,Profitable,,No,0,2,Yes,No,No,No,3,7,2,0,,1,1,0,27,No,,1,0,0,30,No,,,,,,,,,,,,,,,,,,,,,,,,,,,,,,,,,,,,,,,,,,,,,,
Dan,1787792,Fisher Wallace Laboratories,10/8/2019 10:11,StartEngine,https://www.startengine.com/fisherwallace,https://www.sec.gov/Archives/edgar/data/1787792/000166516020000009/xslC_X01/primary_doc.xml,1/3/2020,"Fisher Wallace Laboratories, Inc.",Fisher Wallace Laboratories,Medical Device,MedTech,Growth,Series A,RegCF,,Equity - Common,,,"$15,000,000 ",,,,15000000,#NAME?,Recurring,B2C,Life Style,Yes,Low,Low,No,"$4,323,000,000 ",#NAME?,"$4,323,000,000 ",#NAME?,6.00%,#NAME?,3,Low,Low,Similar to others,,,No,Yes,Yes,Yes,4717684,#NAME?,16694,"$1,800,000 ",#NAME?,0.93%,#NAME?,Profitable,,No,0,2,Yes,No,No,No,2,8,2,0,,11,0,0,46,Yes,,13,0,0,64,Yes,,,,,,,,,,,,,,,,,,,,,,,,,,,,,,,,,,,,,,,,,,,,,,
Dan,1706765,hobbyDB,10/9/2019 9:37,WeFunder,https://wefunder.com/hobbydb,https://www.sec.gov/Archives/edgar/data/1706765/000167025419000538/xslC_X01/primary_doc.xml,9/20/2019,Hobbydb Corp,hobbyDB,Arts & Crafts,MarketplaceTech,Growth,Series A,RegCF,,Equity - Preferred,,,"$17,600,000 ",,,,17600000,#NAME?,Transactional,B2B/B2C,High Growth,Yes,High,Low,Yes,"$450,000,000,000 ",#NAME?,"$450,000,000,000 ",#NAME?,6.00%,#NAME?,8,Low,Low,Obviously better than others,,,No,No,Yes,Yes,313961,#NAME?,60738,"$4,513,039 ",#NAME?,1.35%,#NAME?,Pre-Profit,,Yes,4,1,Yes,No,No,No,4,12,0,0,,16,2,1,50,Yes,,,,,,,,,,,,,,,,,,,,,,,,,,,,,,,,,,,,,,,,,,,,,,,,,,,,
Dan,1787343,Gravatate,10/9/2019 9:42,WeFunder,https://wefunder.com/gravatate.inc,https://www.sec.gov/Archives/edgar/data/1787343/000167025419000530/xslC_X01/primary_doc.xml,9/19/2019,"Gravatate, Inc.",Gravatate,Information Technology and Services,EnterpriseTech,Early,Series A,RegCF,,SAFE,,,,"$4,500,000 ",20%,"$3,600,000 ",3600000,#NAME?,Recurring,B2B,High Growth,Yes,High,Low,No,"$28,000,000,000 ",#NAME?,"$28,000,000,000 ",#NAME?,22.00%,#NAME?,3,Low,Low,Obviously worse than others,,,No,No,Yes,Yes,234,#NAME?,15035,"$723,992 ",#NAME?,2.08%,#NAME?,Pre-Profit,,Yes,0,1,Yes,No,No,No,2,2,1,0,,7,0,0,49,No,,,,,,,,,,,,,,,,,,,,,,,,,,,,,,,,,,,,,,,,,,,,,,,,,,,,
Dan,1784430,Chow420,10/11/2019 10:32,StartEngine,https://www.startengine.com/chow,https://www.sec.gov/Archives/edgar/data/1784430/000166516020000130/xslC_X01/primary_doc.xml,2/14/2020,"VLISO, Inc.",Chow420,Cannabis and CBD,CommerceTech,Early,Pre-Seed,RegCF,,Equity - Common,,,"$5,040,000 ",,,,5040000,#NAME?,Transactional,B2B/B2C,Life Style,Yes,High,Low,No,"$200,000,000,000 ",#NAME?,"$200,000,000,000 ",#NAME?,16.00%,#NAME?,0,High,Low,Obviously better than others,,,No,No,Yes,Yes,0,#NAME?,0,$0 ,#NAME?,100.00%,#NAME?,Pre-Profit,,Yes,200,2,No,No,Yes,No,2,2,1,0,,0,0,0,28,No,,0,1,0,26,No,,,,,,,,,,,,,,,,,,,,,,,,,,,,,,,,,,,,,,,,,,,,,,
Dan,1782117,Dapper Boi,10/11/2019 10:40,StartEngine,https://www.startengine.com/dapper-boi,https://www.sec.gov/Archives/edgar/data/1782117/000166516020000196/xslC_X01/primary_doc.xml,3/6/2020,"Dapper Boi, Inc.",Dapper Boi,Apparel & Fashion,Non-Tech,Growth,Series A,RegCF,,Equity - Common,,,"$6,000,000 ",,,,6000000,#NAME?,Transactional,B2B/B2C,Life Style,Yes,Low,Low,No,"$947,900,000,000 ",#NAME?,"$947,900,000,000 ",#NAME?,12.00%,#NAME?,22,Low,Low,Similar to others,,,No,No,Yes,Yes,334811,#NAME?,11082,"$136,000 ",#NAME?,8.15%,#NAME?,Pre-Profit,,No,0,2,Yes,Yes,Yes,No,4,2,0,0,,6,1,0,38,No,,6,0,0,30,No,,,,,,,,,,,,,,,,,,,,,,,,,,,,,,,,,,,,,,,,,,,,,,
Dan,1785581,Clear Water Distilling,10/16/2019 10:02,StartEngine,https://www.startengine.com/clearwaterdistilling,https://www.sec.gov/Archives/edgar/data/1785581/000166516020000230/xslC_X01/primary_doc.xml,3/13/2020,Clearwater Distilling Co LLC,Clear Water Distilling,Wine & Spirits,Non-Tech,Early,Seed,RegCF,,Equity - Common,,,"$7,504,410 ",,,,7504410,#NAME?,Transactional,B2B/B2C,Life Style,Yes,Low,Low,No,"$114,200,000,000 ",#NAME?,"$27,600,000,000 ",#NAME?,4.00%,#NAME?,"7,450",Low,Low,Similar to others,,,No,No,No,No,0,#NAME?,1689,"$54,238 ",#NAME?,3.11%,#NAME?,Pre-Revenue,,No,0,1,No,No,No,No,1,2,1,0,,0,0,0,45,No,,,,,,,,,,,,,,,,,,,,,,,,,,,,,,,,,,,,,,,,,,,,,,,,,,,,
Dan,1785581,GoSun,10/16/2019 10:06,StartEngine,https://www.startengine.com/gosuninc,https://www.sec.gov/Archives/edgar/data/1706024/000166516020000030/xslC_X01/primary_doc.xml,1/10/2020,GoSun Inc.,GoSun,Food Production,FoodTech,Growth,Series A,RegCF,,Equity - Common,,,"$14,029,817 ",,,,14029817,#NAME?,Transactional,B2B/B2C,Life Style,Yes,Low,Low,No,"$46,460,000,000 ",#NAME?,"$46,460,000,000 ",#NAME?,8.00%,#NAME?,6,High,Low,Obviously better than others,,,Yes,Yes,Yes,Yes,1565135,#NAME?,34126,"$565,000 ",#NAME?,6.04%,#NAME?,Pre-Profit,,Yes,7,1,Yes,No,No,No,2,11,1,0,,13,1,1,42,No,,,,,,,,,,,,,,,,,,,,,,,,,,,,,,,,,,,,,,,,,,,,,,,,,,,,
Dan,1788657,Flowh,10/17/2019 9:44,TruCrowd,https://us.trucrowd.com/equity/offer-summary/Flowh,https://www.sec.gov/Archives/edgar/data/1788657/000178865720000001/xslC_X01/primary_doc.xml,1/16/2020,"Flowh, Inc.",Flowh,Events Services,MediaTech,Early,Seed,RegCF,,Equity - Common,,,"$2,400,000 ",,,,2400000,#NAME?,Recurring,B2C,High Growth,Yes,High,Low,No,"$5,700,000,000 ",#NAME?,"$5,700,000,000 ",#NAME?,15.00%,#NAME?,37,High,Low,Obviously worse than others,,,No,No,Yes,Yes,635,#NAME?,407,"$10,613 ",#NAME?,3.83%,#NAME?,Pre-Profit,,No,0,2,Yes,No,No,No,3,1,4,0,,6,0,0,34,No,,0,3,2,67,No,,,,,,,,,,,,,,,,,,,,,,,,,,,,,,,,,,,,,,,,,,,,,,
Dan,1789864,CEO Space,10/21/2019 11:43,Mr. Crowd,https://www.mrcrowd.com/company/CEO,https://www.sec.gov/Archives/edgar/data/1789864/000166610219000026/xslC_X01/primary_doc.xml,12/6/2019,CEO Space International Inc.,CEO Space,Management Consulting,Non-Tech,Growth,Series A,RegCF,,Equity - Common,,,"$10,000,000 ",,,,10000000,#NAME?,Transactional,B2B,Life Style,Yes,Low,Low,No,"$1,195,469,000,000 ",#NAME?,"$1,195,469,000,000 ",#NAME?,11.00%,#NAME?,"774,106",Low,Low,Similar to others,,,Yes,No,Yes,Yes,781010,#NAME?,13407,$0 ,#NAME?,100.00%,#NAME?,Pre-Profit,,Yes,0,1,Yes,Yes,No,No,0,1,0,0,,12,0,0,42,No,,,,,,,,,,,,,,,,,,,,,,,,,,,,,,,,,,,,,,,,,,,,,,,,,,,,
Dan,1699476,PlantSnap Incorporated,10/22/2019 8:52,StartEngine,https://www.startengine.com/plantsnap-inc,https://www.sec.gov/Archives/edgar/data/1699476/000166516020000044/xslC_X01/primary_doc.xml,1/17/2020,"PlantSnap, Inc.",PlantSnap,E-learning,AgriTech,Growth,Series A,RegCF,,Equity - Common,,,"$33,995,244 ",,,,33995244,#NAME?,Recurring,B2B2C,High Growth,Yes,High,Low,No,"$53,600,000,000 ",#NAME?,"$53,600,000,000 ",#NAME?,7.00%,#NAME?,9,High,Low,Obviously better than others,,,No,Yes,Yes,Yes,2173483,#NAME?,565876,"$615,901 ",#NAME?,91.88%,#NAME?,Pre-Profit,,Yes,2,1,Yes,No,No,No,2,12,0,0,,4,3,1,49,No,,,,,,,,,,,,,,,,,,,,,,,,,,,,,,,,,,,,,,,,,,,,,,,,,,,,
Dan,1719648,FreeRolls Entertainment,10/24/2019 8:13,WeFunder,https://wefunder.com/freerolls.poker.clubs,https://www.sec.gov/Archives/edgar/data/1719648/000167025419000591/xslC_X01/primary_doc.xml,10/11/2019,"Freerolls Entertainment, Inc.",FreeRolls Entertainment,Gambling & Casinos,Non-Tech,Pre-IPO,Series A,RegCF,,Equity - Preferred,,,"$12,400,000 ",,,,12400000,#NAME?,Transactional,B2B/B2C,Life Style,Yes,Low,Low,No,"$487,000,000,000 ",#NAME?,"$86,100,000,000 ",#NAME?,4.00%,#NAME?,"1,957",Low,Low,Similar to others,,,No,No,Yes,Yes,65185,#NAME?,54930,"$1,362,263 ",#NAME?,4.03%,#NAME?,Pre-Profit,,Yes,1,1,No,No,Yes,No,1,41,0,0,,0,2,0,56,No,,,,,,,,,,,,,,,,,,,,,,,,,,,,,,,,,,,,,,,,,,,,,,,,,,,,
Dan,1791992,Metaiye Knights,10/25/2019 10:40,StartEngine,https://www.startengine.com/metaiyeknights,https://www.sec.gov/Archives/edgar/data/1791992/000166516020000151/xslC_X01/primary_doc.xml,2/21/2020,"Metai Knights Media, Inc.",Metaiye Knights,Entertainment,MediaTech,Early,Pre-Seed,RegCF,,Equity - Preferred,,,"$8,000,000 ",,,,8000000,#NAME?,Recurring,B2B/B2C,High Growth,Yes,Low,Low,No,"$1,095,000,000 ",#NAME?,"$1,095,000,000 ",#NAME?,5.00%,#NAME?,109,High,Low,Similar to others,,,No,No,Yes,Yes,0,#NAME?,272,$0 ,#NAME?,100.00%,#NAME?,Pre-Revenue,,Yes,3,1,Yes,No,Yes,No,3,2,3,0,,2,6,0,48,No,,,,,,,,,,,,,,,,,,,,,,,,,,,,,,,,,,,,,,,,,,,,,,,,,,,,
Dan,1792013,BatteryXchange,10/28/2019 11:50,Localstake,https://localstake.com/businesses/batteryxchange/preview,https://www.sec.gov/Archives/edgar/data/1792013/000179201319000001/xslC_X01/primary_doc.xml,10/28/2019,"BatteryXchange, Inc.",BatteryXchange,Consumer Elecronics,HardwareTech,Early,Pre-Seed,RegCF,,Convertible Note,,,,"$4,000,000 ",20%,"$3,200,000 ",3200000,#NAME?,Recurring,B2B/B2C,Life Style,Yes,Low,Low,No,"$16,160,000,000 ",#NAME?,"$16,160,000,000 ",#NAME?,19.00%,#NAME?,10,Low,Low,Similar to others,,,No,No,No,No,0,#NAME?,0,$0 ,#NAME?,100.00%,#NAME?,Pre-Product,,No,0,2,No,No,Yes,No,2,2,4,0,,0,0,0,30,No,,0,0,0,30,No,,,,,,,,,,,,,,,,,,,,,,,,,,,,,,,,,,,,,,,,,,,,,,
Dan,1791721,Life Imaging,10/29/2019 10:35,StartEngine,https://www.startengine.com/life-scan,https://www.sec.gov/Archives/edgar/data/1791721/000166516020000052/xslC_X01/primary_doc.xml,1/27/2020,"Life Imaging Fla, Inc.",Life Imaging,Alternative Medicine,MedTech,Early,Pre-Seed,RegCF,,Equity - Common,,,"$3,000,000 ",,,,3000000,#NAME?,Transactional,B2C,Life Style,Yes,Low,High,No,"$575,000,000,000 ",#NAME?,"$575,000,000,000 ",#NAME?,7.00%,#NAME?,1,Low,Low,Similar to others,,,No,No,No,No,0,#NAME?,479,$0 ,#NAME?,100.00%,#NAME?,Pre-Product,,No,0,1,No,No,No,No,0,1,0,0,,0,2,1,42,No,,,,,,,,,,,,,,,,,,,,,,,,,,,,,,,,,,,,,,,,,,,,,,,,,,,,
Dan,1716903,Atmos Home,10/30/2019 9:47,StartEngine,https://www.startengine.com/atmos-home,https://www.sec.gov/Archives/edgar/data/1716903/000166516020000055/xslC_X01/primary_doc.xml,1/28/2020,Atmos Home Inc.,Atmos Home,Consumer Elecronics,HardwareTech,Early,Seed,RegCF,,Convertible Note,,,,"$12,000,000 ",20%,"$9,600,000 ",9600000,#NAME?,Transactional,B2C,High Growth,Yes,Low,Low,No,"$96,120,000,000 ",#NAME?,"$96,120,000,000 ",#NAME?,12.00%,#NAME?,10,Low,Low,Similar to others,,,No,No,Yes,Yes,0,#NAME?,76711,"$1,200,000 ",#NAME?,6.39%,#NAME?,Pre-Revenue,,Yes,1,2,No,No,No,No,2,6,0,0,,0,2,1,45,No,,0,0,0,29,No,,,,,,,,,,,,,,,,,,,,,,,,,,,,,,,,,,,,,,,,,,,,,,
Dan,1716903,Called Higher Studios,10/30/2019 9:51,StartEngine,https://www.startengine.com/called-higher-studios,https://www.sec.gov/Archives/edgar/data/1786874/000166516020000063/xslC_X01/primary_doc.xml,1/29/2020,"Called Higher Studios, Inc.",Called Higher Studios,Entertainment,Non-Tech,Early,Pre-Seed,RegCF,,Equity - Common,,,"$1,730,000 ",,,,1730000,#NAME?,Transactional,B2C,Life Style,Yes,Low,High,No,"$101,000,000,000 ",#NAME?,"$11,400,000,000 ",#NAME?,2.00%,#NAME?,24,Low,Low,Similar to others,,,No,No,No,No,0,#NAME?,0,$0 ,#NAME?,100.00%,#NAME?,Pre-Product,,No,0,2,Yes,No,Yes,No,5,3,1,0,,0,1,0,42,No,,12,0,0,48,No,,,,,,,,,,,,,,,,,,,,,,,,,,,,,,,,,,,,,,,,,,,,,,
Dan,1689361,Currency Tracking Technologies,10/31/2019 11:58,StartEngine,https://www.startengine.com/currency-tracking-technologies-llc,https://www.sec.gov/Archives/edgar/data/1689361/000166516020000204/xslC_X01/primary_doc.xml,3/6/2020,"Currency Tracking Technologies, LLC",Currency Tracking Technologies,Security & Investigations,RegTech,Early,Seed,RegCF,,Equity - Common,,,"$8,930,000 ",,,,8930000,#NAME?,Recurring,B2B,High Growth,Yes,High,Low,No,"$1,106,000,000 ",#NAME?,"$1,106,000,000 ",#NAME?,14.00%,#NAME?,0,High,High,Similar to others,,,Yes,Yes,No,No,0,#NAME?,561,"$360,200 ",#NAME?,0.16%,#NAME?,Pre-Product,,Yes,0,2,No,Yes,No,No,1,6,6,0,,0,0,0,70,No,,0,0,0,52,No,,,,,,,,,,,,,,,,,,,,,,,,,,,,,,,,,,,,,,,,,,,,,,
Dan,1744851,Rhino Hide,10/31/2019 12:02,StartEngine,https://www.startengine.com/rhino-hide-inc,https://www.sec.gov/Archives/edgar/data/1744851/000166516020000047/xslC_X01/primary_doc.xml,1/24/2020,Rhino Hide LLC,Rhine Hide,Building Materials,Non-Tech,Early,Seed,RegCF,,Equity - Common,,,"$6,051,033 ",,,,6051033,#NAME?,Transactional,B2B,Life Style,Yes,Low,Low,No,"$45,850,000,000 ",#NAME?,"$45,850,000,000 ",#NAME?,12.00%,#NAME?,7,High,Low,Obviously better than others,,,No,Yes,No,No,0,#NAME?,12321,"$526,402 ",#NAME?,2.34%,#NAME?,Pre-Revenue,,Yes,0,1,Yes,No,No,No,1,3,2,0,,17,3,0,46,No,,,,,,,,,,,,,,,,,,,,,,,,,,,,,,,,,,,,,,,,,,,,,,,,,,,,
Dan,1720886,Megalopolis,10/31/2019 12:06,StartEngine,https://www.startengine.com/megalopolis-city-of-collectibles,https://www.sec.gov/Archives/edgar/data/1720886/000166516020000082/xslC_X01/primary_doc.xml,1/31/2020,"Toy Overlord, Inc.",Megalopolos,Arts & Crafts,MarketplaceTech,Growth,Series A,RegCF,,Equity - Common,,,"$4,961,250 ",,,,4961250,#NAME?,Transactional,B2B/B2C,High Growth,Yes,High,Low,No,"$90,400,000,000 ",#NAME?,"$9,040,000,000 ",#NAME?,5.00%,#NAME?,8,Low,Low,Similar to others,,,No,No,Yes,Yes,749509,#NAME?,141520,"$2,006,203 ",#NAME?,7.05%,#NAME?,Pre-Profit,,Yes,4,1,Yes,No,No,No,2,12,0,0,,1,0,0,27,No,,,,,,,,,,,,,,,,,,,,,,,,,,,,,,,,,,,,,,,,,,,,,,,,,,,,
Dan,1791625,Elevate Nutrition,10/31/2019 12:19,StartEngine,https://www.startengine.com/elevate-nutrition,https://www.sec.gov/Archives/edgar/data/1791625/000166516020000054/xslC_X01/primary_doc.xml,1/28/2020,Elevate Nutrition Inc.,Elevate Nutrition,"Health, Welness & Fitness",Non-Tech,Growth,Seed,RegCF,,Equity - Common,,,"$5,000,000 ",,,,5000000,#NAME?,Transactional,B2C,Life Style,Yes,Low,Low,No,"$18,300,000,000 ",#NAME?,"$18,300,000,000 ",#NAME?,13.00%,#NAME?,7,Low,Low,Similar to others,,,No,No,Yes,Yes,98314,#NAME?,341,$0 ,#NAME?,100.00%,#NAME?,Profitable,,No,0,2,Yes,Yes,No,No,1,2,0,0,,3,1,0,35,No,,3,1,0,38,No,,,,,,,,,,,,,,,,,,,,,,,,,,,,,,,,,,,,,,,,,,,,,,
Dan,1792706,Smart Soda,11/1/2019 11:46,StartEngine,https://www.startengine.com/smart-soda,https://www.sec.gov/Archives/edgar/data/1792706/000166516020000143/xslC_X01/primary_doc.xml,2/20/2020,"SmartSoda Holdings, Inc.",Smart Soda,Food & Beverages,Non-Tech,Growth,Series A,RegCF,,Equity - Common,,,"$10,715,000 ",,,,10715000,#NAME?,Transactional,B2B/B2C,Life Style,Yes,High,Low,No,"$739,267,000,000 ",#NAME?,"$248,552,000,000 ",#NAME?,4.00%,#NAME?,101,Low,Low,Similar to others,,,No,No,Yes,Yes,276616,#NAME?,1844,"$114,028 ",#NAME?,1.62%,#NAME?,Profitable,,Yes,1,2,Yes,Yes,No,No,2,5,0,0,,1,0,0,39,No,,8,0,0,,No,,,,,,,,,,,,,,,,,,,,,,,,,,,,,,,,,,,,,,,,,,,,,,
Dan,1790042,The Lieu,11/4/2019 10:49,Republic,https://republic.co/the-lieu,https://www.sec.gov/Archives/edgar/data/1790042/000179004220000002/xslC_X01/primary_doc.xml,2/25/2020,Lieu Ltd.,The Lieu,"Health, Welness & Fitness",Non-Tech,Early,Pre-Seed,RegCF,,SAFE,,,,"$5,000,000 ",10%,"$4,500,000 ",4500000,#NAME?,Recurring,B2B,Life Style,Yes,Low,Low,Yes,"$57,200,000,000 ",#NAME?,"$11,390,000,000 ",#NAME?,8.00%,#NAME?,0,High,High,Obviously better than others,,,Yes,No,Yes,Yes,1893,#NAME?,0,$0 ,#NAME?,100.00%,#NAME?,Pre-Profit,,Yes,3,2,No,Yes,Yes,No,2,2,0,0,,0,1,0,31,No,,0,0,0,27,Yes,,,,,,,,,,,,,,,,,,,,,,,,,,,,,,,,,,,,,,,,,,,,,,
Dan,1790042,Ember Fund,11/4/2019 10:54,Republic,https://republic.co/ember-fund,https://www.sec.gov/Archives/edgar/data/1783580/000178358020000002/xslC_X01/primary_doc.xml,1/21/2020,Ember Fund LLC,Ember Fund,Investmend Management,FinTech,Early,Seed,RegCF,,SAFE,,,,"$5,000,000 ",15%,"$4,250,000 ",4250000,#NAME?,Transactional,B2C,High Growth,Yes,High,Low,No,"$697,000,000 ",#NAME?,"$697,000,000 ",#NAME?,5.00%,#NAME?,3,Low,Low,Similar to others,,,No,No,Yes,Yes,1710,#NAME?,2044,"$24,902 ",#NAME?,8.21%,#NAME?,Pre-Profit,,Yes,2,3,No,No,Yes,No,6,4,1,0,,0,1,1,33,Yes,,0,0,0,29,No,,0,0,0,31,No,,,,,,,,,,,,,,,,,,,,,,,,,,,,,,,,,,,,,,,,
Dan,1789369,Provenance,11/5/2019 10:33,Republic,https://republic.co/provenance,https://www.sec.gov/Archives/edgar/data/1789369/000178936920000001/xslC_X01/primary_doc.xml,2/11/2020,Clee Wellness LLC,Provenance,Individual & Family Services,Non-Tech,Growth,Series A,RegCF,,SAFE,,,,"$5,000,000 ",20%,"$4,000,000 ",4000000,#NAME?,Recurring,B2C,Life Style,Yes,Low,Low,No,"$240,722,000,000 ",#NAME?,"$67,920,000,000 ",#NAME?,2.00%,#NAME?,21,Low,Low,Obviously better than others,,,Yes,No,Yes,Yes,1430801,#NAME?,6336,$0 ,#NAME?,100.00%,#NAME?,Profitable,,Yes,0,1,Yes,Yes,Yes,No,2,8,0,0,,7,0,0,49,No,,,,,,,,,,,,,,,,,,,,,,,,,,,,,,,,,,,,,,,,,,,,,,,,,,,,
Dan,1706429,Wandering Barman,11/5/2019 10:39,Republic,https://republic.co/wandering-barman,https://www.sec.gov/Archives/edgar/data/1706429/000170642920000001/xslC_X01/primary_doc.xml,2/28/2020,Wandering Barman LLC,Wandering Barman,Wine & Spirits,Non-Tech,Early,Seed,RegCF,,SAFE,,,,"$5,000,000 ",20%,"$4,000,000 ",4000000,#NAME?,Transactional,B2B/B2C,Life Style,Yes,Low,Low,No,"$114,200,000,000 ",#NAME?,"$5,100,000,000 ",#NAME?,3.00%,#NAME?,10,Low,Low,Similar to others,,,No,No,Yes,Yes,75515,#NAME?,323,"$104,707 ",#NAME?,0.31%,#NAME?,Profitable,,Yes,1,3,Yes,Yes,Yes,No,4,4,0,0,,0,0,0,30,No,,10,3,0,43,No,,9,2,0,43,No,,,,,,,,,,,,,,,,,,,,,,,,,,,,,,,,,,,,,,,,
Dan,1792908,Apotheka Systems,11/7/2019 11:09,Fundopolis,https://fundopolis.com/raisedetails?id=9cb5cc21-8150-4f49-b910-ddd18591159e,https://www.sec.gov/Archives/edgar/data/1792908/000164460019000029/xslC_X01/primary_doc.xml,11/19/2019,Apotheka Systems Inc.,,Hospital & Health Care,MedTech,Early,Pre-Seed,RegCF,,Equity - Common,,,"$10,000,000 ",,,,10000000,#NAME?,Recurring,B2B,High Growth,Yes,High,Low,No,"$14,664,000,000 ",#NAME?,"$14,664,000,000 ",#NAME?,6.00%,#NAME?,30,Low,Low,Similar to others,,,No,Yes,Yes,No,0,#NAME?,0,$0 ,#NAME?,100.00%,#NAME?,Pre-Revenue,,No,0,1,Yes,No,Yes,No,3,14,0,0,,10,2,0,38,Yes,,,,,,,,,,,,,,,,,,,,,,,,,,,,,,,,,,,,,,,,,,,,,,,,,,,,
Dan,1730695,Ternio BlockCard,11/8/2019 9:57,Republic,https://republic.co/ternio,https://www.sec.gov/Archives/edgar/data/1730695/000173069519000005/xslC_X01/primary_doc.xml,11/19/2019,"Ternio, LLC",Ternio BlockCard,Financial Services,FinTech,Growth,Seed,RegCF,,SAFE,,,,"$15,000,000 ",20%,"$12,000,000 ",12000000,#NAME?,Recurring,B2C,High Growth,Yes,High,Low,No,"$66,000,000,000 ",#NAME?,"$66,000,000,000 ",#NAME?,11.00%,#NAME?,5,Low,Low,Similar to others,,,No,Yes,Yes,Yes,1201406,#NAME?,4539,$0 ,#NAME?,100.00%,#NAME?,Profitable,,Yes,1,2,Yes,No,No,No,1,17,0,0,,2,1,0,37,No,,2,0,0,33,No,,,,,,,,,,,,,,,,,,,,,,,,,,,,,,,,,,,,,,,,,,,,,,
Dan,1764730,Sweetberry,11/11/2019 10:01,Republic,https://republic.co/sweetberry,https://www.sec.gov/Archives/edgar/data/1764730/000173069519000004/xslC_X01/primary_doc.xml,11/8/2019,Sweetberry Holdings LLC,Sweetberry,Restaurants,Non-Tech,Growth,Seed,RegCF,,SAFE,,,,"$9,000,000 ",20%,"$7,200,000 ",7200000,#NAME?,Transactional,B2C,Life Style,Yes,Low,Low,No,"$59,400,000,000 ",#NAME?,"$59,400,000,000 ",#NAME?,8.00%,#NAME?,10,Low,Low,Similar to others,,,No,No,Yes,Yes,2089477,#NAME?,44417,"$1,045,000 ",#NAME?,4.25%,#NAME?,Pre-Profit,,No,0,1,Yes,No,Yes,No,2,5,0,0,,2,1,0,35,No,,,,,,,,,,,,,,,,,,,,,,,,,,,,,,,,,,,,,,,,,,,,,,,,,,,,
Dan,1788672,Lon & George,11/11/2019 14:07,WeFunder,https://wefunder.com/leonandgeorge,https://www.sec.gov/Archives/edgar/data/1788672/000167025419000635/xslC_X01/primary_doc.xml,10/29/2019,"Leon & George, Inc.",Leon & George,Internet,Non-Tech,Growth,Series A,RegCF,,SAFE,,,,"$9,000,000 ",0%,"$9,000,000 ",9000000,#NAME?,Transactional,B2B/B2C,Life Style,Yes,Low,Low,Yes,"$50,600,000,000 ",#NAME?,"$50,600,000,000 ",#NAME?,2.00%,#NAME?,4,Low,Low,Similar to others,,,Yes,No,Yes,Yes,1349052,#NAME?,14780,"$570,230 ",#NAME?,2.59%,#NAME?,Pre-Profit,,No,0,2,Yes,No,No,No,5,5,0,0,,3,0,0,30,No,,3,1,0,34,No,,,,,,,,,,,,,,,,,,,,,,,,,,,,,,,,,,,,,,,,,,,,,,
Dan,1793349,Growing Talent,11/12/2019 16:15,Republic,https://republic.co/growing-talent,https://www.sec.gov/Archives/edgar/data/1793349/000179334920000001/xslC_X01/primary_doc.xml,2/5/2020,Growing Talent LLC,Growing Talent,Cannabis and CBD,EnterpriseTech,Early,Pre-Seed,RegCF,,SAFE,,,,"$3,750,000 ",20%,"$3,000,000 ",3000000,#NAME?,Recurring,B2B,Life Style,Yes,High,Low,No,"$200,000,000,000 ",#NAME?,"$14,815,000,000 ",#NAME?,15.00%,#NAME?,0,High,High,Obviously better than others,,,No,No,No,No,0,#NAME?,0,$0 ,#NAME?,100.00%,#NAME?,Pre-Product,,Yes,1,1,Yes,No,Yes,No,1,6,0,0,,4,2,0,27,No,,,,,,,,,,,,,,,,,,,,,,,,,,,,,,,,,,,,,,,,,,,,,,,,,,,,
Dan,1789840,Pressure Games,11/12/2019 16:30,WeFunder,https://wefunder.com/pressure.games,https://www.sec.gov/Archives/edgar/data/1789840/000167025419000610/xslC_X01/primary_doc.xml,10/24/2019,"Pressure Games, Inc.",Pressure Games,Consumer Elecronics,EdTech,Early,Seed,RegCF,,Convertible Note,,,,"$3,500,000 ",20%,"$2,800,000 ",2800000,#NAME?,,B2B/B2C,Life Style,Yes,Low,Low,No,"$5,700,000,000 ",#NAME?,"$5,700,000,000 ",#NAME?,19.00%,#NAME?,25,Low,Low,Similar to others,,,No,Yes,Yes,Yes,300,#NAME?,5784,"$93,618 ",#NAME?,6.18%,#NAME?,Pre-Profit,,Yes,4,1,No,No,No,No,2,3,1,0,,0,1,0,41,Yes,,,,,,,,,,,,,,,,,,,,,,,,,,,,,,,,,,,,,,,,,,,,,,,,,,,,
Dan,1776303,AppApp,11/14/2019 9:51,WeFunder,https://wefunder.com/appappinc,https://www.sec.gov/Archives/edgar/data/1776303/000167025419000633/xslC_X01/primary_doc.xml,10/29/2019,"App App, Inc.",AppApp,Restaurants,FoodTech,Early,Seed,RegCF,,SAFE,,,,"$6,750,000 ",0%,"$6,750,000 ",6750000,#NAME?,Recurring,B2B/B2C,High Growth,Yes,High,Low,No,"$3,015,000,000,000 ",#NAME?,"$3,015,000,000,000 ",#NAME?,4.00%,#NAME?,3,High,High,Obviously better than others,,,No,No,Yes,Yes,2332,#NAME?,24799,"$286,233 ",#NAME?,8.66%,#NAME?,Pre-Profit,,Yes,90,2,Yes,No,No,No,3,4,0,0,,1,0,0,32,No,,3,2,2,33,No,,,,,,,,,,,,,,,,,,,,,,,,,,,,,,,,,,,,,,,,,,,,,,
Dan,1654300,ChoiceTrade,11/15/2019 9:25,WunderFund,https://wunderfund.co/projects/choicetrade/,https://www.sec.gov/Archives/edgar/data/1654300/000165430020000002/xslC_X01/primary_doc.xml,2/25/2020,"ChoiceTrade Holdings, Inc.",ChoiceTrade,Financial Services,FinTech,Growth,Series A,RegCF,,Equity - Common,,,"$31,535,500 ",,,,31535500,#NAME?,Transactional,B2C,High Growth,Yes,High,Low,No,"$13,060,000,000 ",#NAME?,"$13,060,000,000 ",#NAME?,5.00%,#NAME?,15,Low,Low,Similar to others,,,No,No,Yes,Yes,927143,#NAME?,7645,"$1,476,214 ",#NAME?,0.52%,#NAME?,Pre-Profit,,No,0,2,Yes,No,No,No,0,8,0,0,,20,0,0,42,No,,20,0,0,,No,,,,,,,,,,,,,,,,,,,,,,,,,,,,,,,,,,,,,,,,,,,,,,
Dan,1794263,Journify,11/15/2019 13:29,Razitall,https://www.razitall.com/pitch/journify-wellbeing-coaching-burnout-prevention,https://www.sec.gov/Archives/edgar/data/1794263/000166828719000065/xslC_X01/primary_doc.xml,11/15/2019,"Journify, Inc.",Journify,"Health, Welness & Fitness",HealthTech,Early,Pre-Seed,RegCF,,CAFES,,,,"$3,666,666 ",0%,"$3,666,666 ",3666666,#NAME?,Transactional,B2B/B2C,Life Style,Yes,High,Low,No,"$57,200,000,000 ",#NAME?,"$11,390,000,000 ",#NAME?,8.00%,#NAME?,25,Low,Low,Similar to others,,,Yes,No,Yes,No,0,#NAME?,0,$0 ,#NAME?,100.00%,#NAME?,Pre-Revenue,,Yes,2,2,No,Yes,No,No,6,2,1,0,,0,0,0,34,Yes,,0,0,0,32,Yes,,,,,,,,,,,,,,,,,,,,,,,,,,,,,,,,,,,,,,,,,,,,,,
Dan,1398488,Stemsation,11/18/2019 10:17,NetCapital,https://netcapital.com/companies/stemsation,https://www.sec.gov/Archives/edgar/data/1398488/000166919120000092/xslC_X01/primary_doc.xml,3/2/2020,"StemSation International, Inc.",StemSation,"Health, Welness & Fitness",Non-Tech,Early,Seed,RegCF,,Equity - Common,,,"$9,497,442 ",,,,9497442,#NAME?,Transactional,B2B/B2C,Life Style,Yes,Low,Low,No,"$186,100,000,000 ",#NAME?,"$186,100,000,000 ",#NAME?,9.00%,#NAME?,"6,000",Low,Low,Similar to others,,,No,No,Yes,Yes,0,#NAME?,2465,"$953,579 ",#NAME?,0.26%,#NAME?,Pre-Revenue,,No,0,1,Yes,No,No,No,1,5,1,0,,14,1,0,52,No,,,,,,,,,,,,,,,,,,,,,,,,,,,,,,,,,,,,,,,,,,,,,,,,,,,,
Dan,1787611,Attorney Et Al,11/18/2019 10:28,NetCapital,https://netcapital.com/companies/attorney-et-al,https://www.sec.gov/Archives/edgar/data/1787611/000166919120000047/xslC_X01/primary_doc.xml,2/10/2020,"Attorney Et Al, Inc.",Attorney Et Al,Legal Services,LegalTech,Early,Pre-Seed,RegCF,,Equity - Common,,,"$10,000,000 ",,,,10000000,#NAME?,Transactional,B2B,High Growth,Yes,High,Low,No,"$1,224,000,000 ",#NAME?,"$1,224,000,000 ",#NAME?,7.00%,#NAME?,34,Low,Low,Similar to others,,,No,No,Yes,No,0,#NAME?,833,"$10,000 ",#NAME?,8.33%,#NAME?,Pre-Revenue,,No,0,1,Yes,No,No,No,5,5,0,0,,41,0,0,67,No,,,,,,,,,,,,,,,,,,,,,,,,,,,,,,,,,,,,,,,,,,,,,,,,,,,,
Dan,1793384,Bee Mortgage App,11/18/2019 11:19,Fundopolis,https://fundopolis.com/raisedetails?id=aa091a32-310e-4491-9f4f-ca7a340b643a,https://www.sec.gov/Archives/edgar/data/1793384/000164460019000027/xslC_X01/primary_doc.xml,11/19/2019,"Bee Mortgage App, Inc.",,Real Estate,FinTech,Early,Pre-Seed,RegCF,,Equity - Common,,,"$5,000,000 ",,,,5000000,#NAME?,Transactional,B2B/B2C,Life Style,Yes,Low,Low,No,"$9,200,000,000,000 ",#NAME?,"$53,940,000,000 ",#NAME?,17.00%,#NAME?,26,Low,Low,Obviously better than others,,,No,Yes,No,No,0,#NAME?,0,"$87,700 ",#NAME?,100.00%,#NAME?,Pre-Product,,No,0,9,Yes,Yes,Yes,No,12,10,1,0,,3,0,0,42,No,,0,1,0,34,No,,0,0,0,39,No,,0,0,0,40,No,,0,0,0,39,No,,,8,0,0,31,No,,,0,0,0,,No,,,0,0,0,49,No,,,13,0,0,39,No
Dan,1794562,Peeka VR,11/19/2019 11:13,Fundopolis,https://fundopolis.com/raisedetails?id=44bcab46-eae2-4662-acd1-f01b84d958ff,https://www.sec.gov/Archives/edgar/data/1794562/000178043920000007/xslC_X01/primary_doc.xml,2/28/2020,Peeka,,E-learning,EdTech,Early,Seed,RegCF,,Equity - Common,,,"$3,900,000 ",,,,3900000,#NAME?,Transactional,B2C,High Growth,Yes,High,Low,No,"$190,000,000,000 ",#NAME?,"$76,000,000,000 ",#NAME?,7.00%,#NAME?,0,High,High,Obviously better than others,,,No,No,Yes,Yes,17130,#NAME?,1627,"$63,078 ",#NAME?,2.58%,#NAME?,Pre-Profit,,No,0,2,No,No,Yes,No,1,10,0,0,,0,1,0,27,No,,0,0,0,27,No,,,,,,,,,,,,,,,,,,,,,,,,,,,,,,,,,,,,,,,,,,,,,,
Dan,1787976,Blue Top Brand,11/19/2019 11:50,NextSeed,https://www.nextseed.com/offerings/blue-top,https://www.sec.gov/Archives/edgar/data/1787976/000178797619000007/xslC_X01/primary_doc.xml,11/18/2019,"7 of Us, LLC",Blue Top Brand,Food & Beverages,Non-Tech,Growth,Series A,RegCF,RegD 506(C),Equity - Preferred,,,"$9,985,000 ",,,,9985000,#NAME?,Transactional,B2B/B2C,Life Style,Yes,Low,Low,No,"$2,290,000,000 ",#NAME?,"$1,500,000,000 ",#NAME?,4.00%,#NAME?,281,Low,Low,Similar to others,,,No,No,Yes,Yes,1057318,#NAME?,53254,$0 ,#NAME?,100.00%,#NAME?,Pre-Profit,,No,0,1,Yes,No,No,No,0,10,1,0,,29,0,0,42,No,,,,,,,,,,,,,,,,,,,,,,,,,,,,,,,,,,,,,,,,,,,,,,,,,,,,
Dan,1791378,LYFETYMES,11/20/2019 10:13,WeFunder,https://wefunder.com/lyfetymes,https://www.sec.gov/Archives/edgar/data/1791378/000167025419000617/xslC_X01/primary_doc.xml,10/25/2019,LT Celebrations LLC,LYFETYMES,Events Services,CommerceTech,Early,Seed,RegCF,,SAFE,,,,"$6,750,000 ",0%,"$6,750,000 ",6750000,#NAME?,Transactional,B2B/B2C,High Growth,Yes,High,Low,No,"$1,338,300,000,000 ",#NAME?,"$1,338,300,000,000 ",#NAME?,10.00%,#NAME?,36,Low,Low,Similar to others,,,No,No,Yes,No,0,#NAME?,2934,"$50,000 ",#NAME?,5.87%,#NAME?,Pre-Revenue,,No,0,1,No,Yes,No,No,0,2,0,0,,0,0,0,42,No,,,,,,,,,,,,,,,,,,,,,,,,,,,,,,,,,,,,,,,,,,,,,,,,,,,,
Dan,1794484,Alpha'a,12/16/2019 10:55,Republic,https://republic.co/alpha-a,https://www.sec.gov/Archives/edgar/data/1794484/000179448420000001/xslC_X01/primary_doc.xml,2/10/2020,"Alpha'a, Inc.",Alpha'a,Furniture,FashionTech,Early,Seed,RegCF,,SAFE,,,,"$8,000,000 ",0%,"$8,000,000 ",8000000,#NAME?,Transactional,B2B/B2C,Life Style,Yes,High,Low,No,"$55,220,000,000 ",#NAME?,"$13,600,000,000 ",#NAME?,5.00%,#NAME?,14,Low,Low,Similar to others,,,No,No,Yes,Yes,105758,#NAME?,1978,"$600,000 ",#NAME?,0.33%,#NAME?,Pre-Profit,,Yes,4,3,Yes,Yes,Yes,No,5,3,0,0,,7,0,0,30,No,,7,1,0,31,No,,0,1,0,38,No,,,,,,,,,,,,,,,,,,,,,,,,,,,,,,,,,,,,,,,,
Dan,1791125,VegasWinners,12/16/2019 11:03,StartEngine,https://www.startengine.com/vegaswinners,https://www.sec.gov/Archives/edgar/data/1791125/000166516020000246/xslC_X01/primary_doc.xml,3/17/2020,VegasWINNERS Inc.,VegasWinners,Gambling & Casinos,EdTech,Early,Pre-Seed,RegCF,,Equity - Common,,,"$6,375,000 ",,,,6375000,#NAME?,Transactional,B2C,High Growth,Yes,High,Low,No,"$1,310,000,000 ",#NAME?,"$1,310,000,000 ",#NAME?,27.00%,#NAME?,13,Low,Low,Similar to others,,,No,No,Yes,Yes,11877,#NAME?,6842,"$238,214 ",#NAME?,2.87%,#NAME?,Pre-Profit,,No,0,1,Yes,No,No,Yes,1,4,0,0,,42,2,0,58,Yes,,,,,,,,,,,,,,,,,,,,,,,,,,,,,,,,,,,,,,,,,,,,,,,,,,,,
Dan,1638850,XTI Aircraft,12/17/2019 10:19,StartEngine,https://www.startengine.com/xti-aircraft,https://www.sec.gov/Archives/edgar/data/1638850/000166516020000244/xslC_X01/primary_doc.xml,3/17/2020,XTI Aircraft Co,XTI Aircraft,Aviation and Aerospace,HardwareTech,Early,Series A,RegCF,,Equity - Common,,,"$51,470,577 ",,,,51470577,#NAME?,Transactional,B2B/B2C,Life Style,Yes,Low,High,No,"$872,000,000,000 ",#NAME?,"$25,000,000,000 ",#NAME?,3.00%,#NAME?,11,Low,Low,Similar to others,,,No,Yes,No,No,0,#NAME?,316563,"$6,595,370 ",#NAME?,4.80%,#NAME?,Pre-Product,,No,0,1,Yes,No,No,No,2,1,0,0,,15,1,0,71,No,,,,,,,,,,,,,,,,,,,,,,,,,,,,,,,,,,,,,,,,,,,,,,,,,,,,
Dan,1639681,BioCurity Pharmaceuticals,12/17/2019 10:22,StartEngine,https://www.startengine.com/biocurity-pharmaceuticals-inc,https://www.sec.gov/Archives/edgar/data/1639681/000166516020000237/xslC_X01/primary_doc.xml,3/13/2020,BioCurity Pharmaceuticals Inc.,BioCurity Pharmaceuticals,Pharmaceuticals,Non-Tech,Early,Series A,RegCF,,Equity - Preferred,,,"$34,019,537 ",,,,34019537,#NAME?,Transactional,B2B,High Growth,Yes,High,High,No,"$363,710,000 ",#NAME?,"$82,040,000 ",#NAME?,4.00%,#NAME?,6,Low,Low,Similar to others,,,No,Yes,No,No,0,#NAME?,171652,"$6,991,019 ",#NAME?,2.46%,#NAME?,Pre-Product,Phase I,No,0,2,Yes,Yes,Yes,No,4,2,0,0,,17,0,0,48,No,,0,1,0,55,No,,,,,,,,,,,,,,,,,,,,,,,,,,,,,,,,,,,,,,,,,,,,,,
Dan,1790092,Sunu,12/18/2019 10:47,Republic,https://republic.co/sunu,https://www.sec.gov/Archives/edgar/data/1790092/000179009219000004/xslC_X01/primary_doc.xml,12/18/2019,"Sunu, Inc.",Sunu,Medical Device,MedTech,Growth,Series A,RegCF,,SAFE,,,,"$12,000,000 ",20%,"$9,600,000 ",9600000,#NAME?,Recurring,B2B/B2C,Life Style,Yes,High,Low,Yes,"$4,410,000,000 ",#NAME?,"$4,410,000,000 ",#NAME?,8.00%,#NAME?,5,High,Low,Obviously better than others,,,Yes,Yes,Yes,Yes,321616,#NAME?,13815,"$870,000 ",#NAME?,1.59%,#NAME?,Pre-Profit,,Yes,47,2,Yes,No,Yes,No,4,12,4,0,,9,0,0,29,No,,6,1,0,44,Yes,,,,,,,,,,,,,,,,,,,,,,,,,,,,,,,,,,,,,,,,,,,,,,
Dan,1791683,Skunk Brothers Spirits,12/18/2019 10:59,StartEngine,https://www.startengine.com/skunk-brothers,https://www.sec.gov/Archives/edgar/data/1791683/000166516020000141/xslC_X01/primary_doc.xml,2/20/2020,Skunk Brothers Spirits Inc.,Skunk Brothers Spirits,Wine & Spirits,Non-Tech,Early,Seed,RegCF,,Equity - Common,,,"$4,500,000 ",,,,4500000,#NAME?,Transactional,B2B/B2C,Life Style,Yes,Low,Low,No,"$114,200,000,000 ",#NAME?,"$27,600,000,000 ",#NAME?,3.00%,#NAME?,"7,450",Low,Low,Similar to others,,,No,No,Yes,Yes,75633,#NAME?,4850,"$240,655 ",#NAME?,2.02%,#NAME?,Pre-Profit,,No,0,1,Yes,No,No,No,0,7,0,0,,7,0,0,44,No,,,,,,,,,,,,,,,,,,,,,,,,,,,,,,,,,,,,,,,,,,,,,,,,,,,,
Dan,1662905,Airemos,12/18/2019 11:04,StartEngine,https://www.startengine.com/airemos,https://www.sec.gov/Archives/edgar/data/1662905/000166516019001205/xslC_X01/primary_doc.xml,12/17/2019,Airemos Corp,Airemos,Events Services,Non-Tech,Early,Seed,RegCF,,Equity - Common,,,"$7,500,000 ",,,,7500000,#NAME?,Transactional,B2B/B2C,Life Style,Yes,Low,Low,No,"$3,210,000,000 ",#NAME?,"$3,210,000,000 ",#NAME?,3.00%,#NAME?,9,High,Low,Obviously better than others,,,No,Yes,Yes,Yes,300244,#NAME?,2778,"$224,685 ",#NAME?,1.24%,#NAME?,Pre-Profit,,Yes,0,1,Yes,No,No,No,2,1,4,0,,7,0,0,36,No,,,,,,,,,,,,,,,,,,,,,,,,,,,,,,,,,,,,,,,,,,,,,,,,,,,,
Dan,1709628,Cloudastructure,12/18/2019 11:15,WeFunder,https://wefunder.com/cloudastructure,https://www.sec.gov/Archives/edgar/data/1709628/000167025419000638/xslC_X01/primary_doc.xml,10/30/2019,"Cloudastructure, Inc.",Cloudastructure,Computer & Network Security,EnterpriseTech,Early,Series A,RegCF,,SAFE,,,,"$10,000,000 ",20%,"$8,000,000 ",8000000,#NAME?,Recurring,B2B,High Growth,Yes,High,Low,Yes,"$25,570,000,000 ",#NAME?,"$25,570,000,000 ",#NAME?,12.00%,#NAME?,41,Low,Low,Similar to others,,,No,No,Yes,Yes,130000,#NAME?,69750,"$2,396,006 ",#NAME?,2.91%,#NAME?,Pre-Profit,,Yes,2,1,Yes,No,No,No,2,2,0,0,,22,2,1,52,Yes,,,,,,,,,,,,,,,,,,,,,,,,,,,,,,,,,,,,,,,,,,,,,,,,,,,,
Dan,1786194,SitTight,12/19/2019 11:54,StartEngine,https://www.startengine.com/sittight-inc,https://www.sec.gov/Archives/edgar/data/1786194/000166516019001253/xslC_X01/primary_doc.xml,12/30/2019,"SitTight, Inc.",SitTight,"Health, Welness & Fitness",HealthTech,Growth,Series A,RegCF,,Equity - Common,,,"$14,000,000 ",,,,14000000,#NAME?,Transactional,B2B/B2C,Life Style,Yes,Low,Low,No,"$1,740,000,000 ",#NAME?,"$1,740,000,000 ",#NAME?,10.00%,#NAME?,15,High,Low,Similar to others,,,Yes,Yes,Yes,Yes,127134,#NAME?,7033,"$288,392 ",#NAME?,2.44%,#NAME?,Pre-Profit,,Yes,0,1,Yes,No,No,No,1,4,4,0,,6,1,1,58,No,,,,,,,,,,,,,,,,,,,,,,,,,,,,,,,,,,,,,,,,,,,,,,,,,,,,
Dan,1790595,PaQu Tequila,12/19/2019 11:57,StartEngine,https://www.startengine.com/paquitequila,https://www.sec.gov/Archives/edgar/data/1790595/000166516020000242/xslC_X01/primary_doc.xml,3/16/2020,"Tequila Holdings, Inc.",PaQu Tequila,Wine & Spirits,Non-Tech,Early,Series A,RegCF,,Equity - Common,,,"$8,000,000 ",,,,8000000,#NAME?,Transactional,B2B/B2C,Life Style,Yes,Low,Low,No,"$114,200,000,000 ",#NAME?,"$27,600,000,000 ",#NAME?,3.00%,#NAME?,"7,450",Low,Low,Similar to others,,,No,No,Yes,Yes,53553,#NAME?,27516,"$1,921,581 ",#NAME?,1.43%,#NAME?,Pre-Profit,,Yes,0,1,Yes,No,No,No,2,1,1,0,,35,0,0,61,Yes,,,,,,,,,,,,,,,,,,,,,,,,,,,,,,,,,,,,,,,,,,,,,,,,,,,,
Dan,1716174,Commerce.AI,12/20/2019 12:04,StartEngine,https://www.startengine.com/commerceai,https://www.sec.gov/Archives/edgar/data/1716174/000166516020000131/xslC_X01/primary_doc.xml,2/14/2020,"Tall Idea Labs, Inc.",Commerce.AI,Information Technology and Services,EnterpriseTech,Growth,Series A,RegCF,,Equity - Common,,,"$25,982,318 ",,,,25982318,#NAME?,Recurring,B2B,High Growth,Yes,High,Low,Yes,"$24,550,000,000 ",#NAME?,"$24,550,000,000 ",#NAME?,10.00%,#NAME?,53,Low,Low,Similar to others,,,No,Yes,Yes,Yes,356000,#NAME?,21898,"$1,552,290 ",#NAME?,1.41%,#NAME?,Pre-Profit,,Yes,8,4,Yes,Yes,Yes,No,7,7,0,0,,5,3,2,44,Yes,,3,0,0,33,Yes,,2,1,0,41,Yes,,5,0,0,30,Yes,,,,,,,,,,,,,,,,,,,,,,,,,,,,,,,,,,
Dan,1793635,HARA Flow,12/20/2019 12:08,StartEngine,https://www.startengine.com/hara-flow,https://www.sec.gov/Archives/edgar/data/1793635/000166516020000241/xslC_X01/primary_doc.xml,3/16/2020,HARA Flow Inc.,HARA Flow,Cannabis and CBD,Non-Tech,Early,Seed,RegCF,,Equity - Common,,,"$12,304,998 ",,,,12304998,#NAME?,Recurring,B2B/B2C,Life Style,Yes,Low,Low,No,"$200,000,000,000 ",#NAME?,"$10,200,000,000 ",#NAME?,19.00%,#NAME?,"2,650",Low,Low,Similar to others,,,No,No,Yes,Yes,179360,#NAME?,1343,"$100,000 ",#NAME?,1.34%,#NAME?,Profitable,,Yes,0,3,No,Yes,No,No,3,4,0,0,,0,0,0,29,No,,0,0,0,29,No,,0,2,0,,,,,,,,,,,,,,,,,,,,,,,,,,,,,,,,,,,,,,,,,,
Dan,1792745,TACOTOPIA,12/20/2019 12:11,StartEngine,https://www.startengine.com/tacotopia-inc,https://www.sec.gov/Archives/edgar/data/1792745/000166516019001240/xslC_X01/primary_doc.xml,12/19/2019,"TACOTOPIA, Inc.",TACOTOPIA,Entertainment,Non-Tech,Growth,Seed,RegCF,,Equity - Common,,,"$4,992,000 ",,,,4992000,#NAME?,Transactional,B2B/B2C,Life Style,Yes,Low,Low,No,"$1,338,000,000,000 ",#NAME?,"$10,000,000,000 ",#NAME?,5.00%,#NAME?,0,High,Low,Similar to others,,,Yes,No,Yes,Yes,594135,#NAME?,12412,"$329,757 ",#NAME?,3.76%,#NAME?,Pre-Profit,,Yes,0,2,Yes,Yes,No,No,1,4,0,0,,4,0,0,42,No,,1,,,,,,,,,,,,,,,,,,,,,,,,,,,,,,,,,,,,,,,,,,,,,,,,,,
Dan,1794075,SkillSoniq,12/20/2019 12:21,WeFunder,https://wefunder.com/skillsoniq,https://www.sec.gov/Archives/edgar/data/1794075/000167025419000700/xslC_X01/primary_doc.xml,12/6/2019,SkillSoniq Inc.,SkillSoniq,Management Consulting,EnterpriseTech,Early,Seed,RegCF,,SAFE,,,,"$5,500,000 ",0%,"$5,500,000 ",5500000,#NAME?,Recurring,B2B,Life Style,Yes,High,Low,No,"$809,800,000 ",#NAME?,"$809,800,000 ",#NAME?,12.00%,#NAME?,13,Low,Low,Similar to others,,,No,Yes,Yes,Yes,5882,#NAME?,1673,"$170,166 ",#NAME?,0.98%,#NAME?,Pre-Profit,,Yes,1,1,No,No,Yes,No,3,1,3,0,,0,1,1,42,Yes,,,,,,,,,,,,,,,,,,,,,,,,,,,,,,,,,,,,,,,,,,,,,,,,,,,,
Dan,1797125,Rumble Motors,12/23/2019 10:12,StartEngine,https://www.startengine.com/rumblemotors,https://www.sec.gov/Archives/edgar/data/1797125/000166516020000254/xslC_X01/primary_doc.xml,3/19/2020,"Rumble Motors, Inc.",Rumble Motors,Automotive,CleanTech,Growth,Seed,RegCF,,Equity - Common,,,"$12,000,000 ",,,,12000000,#NAME?,Transactional,B2B/B2C,Life Style,Yes,Low,Low,No,"$13,110,000,000 ",#NAME?,"$13,110,000,000 ",#NAME?,13.00%,#NAME?,11,Low,Low,Obviously better than others,,,Yes,No,Yes,Yes,353000,#NAME?,15035,$0 ,#NAME?,100.00%,#NAME?,Profitable,,Yes,0,2,Yes,No,No,No,1,13,0,0,,0,0,0,42,No,,,,,,,,,,,,,,,,,,,,,,,,,,,,,,,,,,,,,,,,,,,,,,,,,,,,
Dan,1681290,Prime Lightworks,12/23/2019 10:17,StartEngine,https://www.startengine.com/primelightworks,https://www.sec.gov/Archives/edgar/data/1681290/000166516020000240/xslC_X01/primary_doc.xml,3/16/2020,Prime Lightworks Inc.,Prime Lightworks,Defense & Space,HardwareTech,Early,Seed,RegCF,,Equity - Common,,,"$10,200,000 ",,,,10200000,#NAME?,Transactional,B2B,High Growth,Yes,High,High,Yes,"$7,591,000,000 ",#NAME?,"$1,000,000,000 ",#NAME?,15.00%,#NAME?,31,High,Low,Obviously worse than others,,,No,Yes,No,No,0,#NAME?,49232,"$1,800,000 ",#NAME?,2.74%,#NAME?,Pre-Product,,Yes,0,1,Yes,No,No,No,1,3,0,0,,7,0,0,31,Yes,,,,,,,,,,,,,,,,,,,,,,,,,,,,,,,,,,,,,,,,,,,,,,,,,,,,
Dan,1794140,CompanionCBD,12/23/2019 10:19,StartEngine,https://www.startengine.com/companioncbd,https://www.sec.gov/Archives/edgar/data/1794140/000166516019001235/xslC_X01/primary_doc.xml,12/19/2019,"Companion CBD, Inc.",CompanionCBD,Cannabis and CBD,Non-Tech,Early,Seed,RegCF,,Equity - Common,,,"$3,900,000 ",,,,3900000,#NAME?,Transactional,B2B/B2C,Life Style,Yes,Low,Low,No,"$149,818,000 ",#NAME?,"$149,818,000 ",#NAME?,53.00%,#NAME?,31,Low,Low,Similar to others,,,No,No,Yes,yes,18261,#NAME?,7556,"$238,800 ",#NAME?,3.16%,#NAME?,Pre-Profit,,No,0,2,Yes,No,No,No,3,3,0,0,,24,1,0,42,No,,20,3,0,46,No,,,,,,,,,,,,,,,,,,,,,,,,,,,,,,,,,,,,,,,,,,,,,,
Dan,1796599,Juna,12/27/2019 10:27,Republic,https://republic.co/juna,https://www.sec.gov/Archives/edgar/data/1796599/000179659919000001/xslC_X01/primary_doc.xml,12/26/2019,Kind Collection Inc.,Juna,Cannabis and CBD,Non-Tech,Growth,Series A,RegCF,,SAFE,,,,"$4,000,000 ",20%,"$3,200,000 ",3200000,#NAME?,Transactional,B2B/B2C,Life Style,Yes,Low,Low,No,"$200,000,000,000 ",#NAME?,"$10,200,000,000 ",#NAME?,19.00%,#NAME?,"2,650",Low,Low,Similar to others,,,No,No,Yes,Yes,161134,#NAME?,2150,"$234,080 ",#NAME?,0.92%,#NAME?,Profitable,,Yes,0,2,Yes,Yes,No,No,3,2,1,0,,3,2,1,41,No,,1,1,1,34,Yes,,,,,,,,,,,,,,,,,,,,,,,,,,,,,,,,,,,,,,,,,,,,,,
Dan,1769091,Rocket Dollar,12/30/2019 9:49,Republic,https://republic.co/rocket-dollar,https://www.sec.gov/Archives/edgar/data/1769091/000176909119000003/xslC_X01/primary_doc.xml,12/27/2019,Rocket Dollar Inc.,Rocket Dollar,Investmend Management,FinTech,Early,Series A,RegCF,,SAFE,,,,"$20,000,000 ",10%,"$18,000,000 ",18000000,#NAME?,Recurring,B2C,High Growth,Yes,High,Low,No,"$29,800,000,000,000 ",#NAME?,"$29,800,000,000,000 ",#NAME?,11.00%,#NAME?,"12,993",High,High,Obviously better than others,,,No,No,Yes,Yes,50895,#NAME?,117207,"$3,711,000 ",#NAME?,3.16%,#NAME?,Pre-Profit,,Yes,1,4,Yes,No,Yes,No,12,14,1,0,,20,2,2,42,Yes,,2,1,0,36,Yes,,9,1,1,35,No,,2,0,0,27,Yes,,,,,,,,,,,,,,,,,,,,,,,,,,,,,,,,,,
Dan,1691657,Stareable,12/30/2019 9:53,Republic,https://republic.co/stareable,https://www.sec.gov/Archives/edgar/data/1691657/000169165719000001/xslC_X01/primary_doc.xml,12/26/2019,"Stareable, Inc.",Stareable,Entertainment,MediaTech,Early,Seed,RegCF,,SAFE,,,,"$7,000,000 ",20%,"$5,600,000 ",5600000,#NAME?,Transactional,B2B/B2C,Life Style,Yes,Low,Low,No,"$7,175,000,000 ",#NAME?,"$7,175,000,000 ",#NAME?,27.00%,#NAME?,4,High,Low,Obviously better than others,,,No,No,Yes,Yes,48383,#NAME?,24648,"$700,000 ",#NAME?,3.52%,#NAME?,Pre-Profit,,Yes,5,2,Yes,No,No,No,1,2,3,0,,5,0,0,35,Yes,,3,1,0,35,Yes,,,,,,,,,,,,,,,,,,,,,,,,,,,,,,,,,,,,,,,,,,,,,,
Dan,1797650,HelloWoofy.com,12/30/2019 9:58,Republic,https://republic.co/hellowoofy,https://www.sec.gov/Archives/edgar/data/1797650/000155447720000003/xslC_X01/primary_doc.xml,2/12/2020,"Woofy, Inc.",HelloWoofy.com,Marketing & Advertising,MediaTech,Early,Seed,RegCF,,SAFE,,,,"$5,000,000 ",20%,"$4,000,000 ",4000000,#NAME?,Recurring,B2B,High Growth,Yes,High,Low,No,"$84,000,000,000 ",#NAME?,"$84,000,000,000 ",#NAME?,20.00%,#NAME?,3,High,Low,Obviously better than others,,,No,Yes,Yes,Yes,0,#NAME?,10112,"$537,500 ",#NAME?,1.88%,#NAME?,Pre-Revenue,,No,0,3,Yes,Yes,Yes,No,3,3,4,0,,7,4,1,27,No,,2,1,0,25,No,,,,,,No,,,,,,,,,,,,,,,,,,,,,,,,,,,,,,,,,,,,,,,,
Dan,1788682,Hoop Tea,12/30/2019 10:45,WeFunder,https://wefunder.com/hoop.tea,https://www.sec.gov/Archives/edgar/data/1788682/000167025419000710/xslC_X01/primary_doc.xml,12/6/2019,"Hoop Tea, Inc.",Hoop Tea,Food & Beverages,Non-Tech,Early,Pre-Seed,RegCF,,Equity - Preferred,,,"$6,500,000 ",,,,6500000,#NAME?,Transactional,B2B/B2C,Life Style,Yes,High,Low,No,"$17,060,000,000 ",#NAME?,"$17,060,000,000 ",#NAME?,6.00%,#NAME?,77,Low,Low,Similar to others,,,No,No,No,No,0,#NAME?,0,$0 ,#NAME?,100.00%,#NAME?,Pre-Revenue,,No,0,1,Yes,No,No,No,1,1,0,0,,6,0,0,47,No,,,,,,,,,,,,,,,,,,,,,,,,,,,,,,,,,,,,,,,,,,,,,,,,,,,,
Dan,1796295,Nuu Rez,1/2/2020 11:28,TruCrowd,https://us.trucrowd.com/equity/offer-summary/NUUREZ,https://www.sec.gov/Archives/edgar/data/1796295/000179629520000003/xslC_X01/primary_doc.xml,2/27/2020,Nuu Rez Inc.,NuuRez,Real Estate,MarketplaceTech,Early,Pre-Seed,RegCF,,Equity - Common,,,"$4,000,000 ",,,,4000000,#NAME?,Transactional,B2C,Life Style,Yes,High,High,No,"$220,400,000,000 ",#NAME?,"$47,730,000,000 ",#NAME?,30.00%,#NAME?,0,High,High,Similar to others,,,Yes,No,No,No,0,#NAME?,9250,"$11,000 ",#NAME?,84.09%,#NAME?,Pre-Revenue,,No,0,1,Yes,Yes,Yes,No,3,1,0,0,,20,2,0,42,Yes,,,,,,,,,,,,,,,,,,,,,,,,,,,,,,,,,,,,,,,,,,,,,,,,,,,,
Dan,1788203,Stay Cool,1/2/2020 11:40,WeFunder,https://wefunder.com/staycool,https://www.sec.gov/Archives/edgar/data/1788203/000167025419000623/xslC_X01/primary_doc.xml,10/25/2019,Stay Cool Beverages LLC,Stay Cool,Cannabis and CBD,Non-Tech,Early,Seed,RegCF,,SAFE,,,,"$4,000,000 ",10%,"$3,600,000 ",3600000,#NAME?,Transactional,B2B/B2C,Life Style,Yes,High,Low,No,"$3,820,000,000 ",#NAME?,"$3,820,000,000 ",#NAME?,26.00%,#NAME?,3,High,Low,Similar to others,,,No,No,Yes,Yes,57694,#NAME?,5993,"$81,000 ",#NAME?,7.40%,#NAME?,Pre-Profit,,Yes,3,2,Yes,No,No,No,2,2,0,0,,3,0,0,29,Yes,,3,0,0,36,No,,,,,,,,,,,,,,,,,,,,,,,,,,,,,,,,,,,,,,,,,,,,,,
Dan,1767636,Saberation,1/2/2020 13:14,Mr. Crowd,https://www.mrcrowd.com/company/SAB,https://www.sec.gov/Archives/edgar/data/1767636/000166610219000034/xslC_X01/primary_doc.xml,12/31/2019,Saberation Inc.,Saberation (SAB),"Health, Welness & Fitness",Non-Tech,Early,Seed,RegCF,,Equity - Common,,,"$2,500,000 ",,,,2500000,#NAME?,Recurring,B2C,Life Style,Yes,Low,Low,No,"$109,600,000,000 ",#NAME?,"$40,860,000,000 ",#NAME?,4.00%,#NAME?,"38,477",High,Low,Similar to others,,,Yes,No,Yes,Yes,70379,#NAME?,1840,$0 ,#NAME?,100.00%,#NAME?,Profitable,,No,0,1,Yes,No,Yes,No,1,2,0,0,,0,0,0,42,No,,,,,,,,,,,,,,,,,,,,,,,,,,,,,,,,,,,,,,,,,,,,,,,,,,,,
Dan,1760049,Coinseed,1/2/2020 13:17,Mr. Crowd,https://www.mrcrowd.com/company/CS,https://www.sec.gov/Archives/edgar/data/1760049/000166610220000004/xslC_X01/primary_doc.xml,2/26/2020,"Coinseed, Inc.",Coinseed,Capital Markets,FinTech,Early,Seed,RegCF,,SAFE,,,,"$6,000,000 ",20%,"$4,800,000 ",4800000,#NAME?,Transactional,B2C,High Growth,Yes,High,Low,No,"$697,000,000 ",#NAME?,"$697,000,000 ",#NAME?,5.00%,#NAME?,6,Low,Low,Similar to others,,,No,No,Yes,Yes,279257,#NAME?,4759,"$63,063 ",#NAME?,7.55%,#NAME?,Pre-Profit,,No,0,2,Yes,No,Yes,No,3,5,0,0,,3,2,0,42,No,,2,1,0,25,No,,,,,,,,,,,,,,,,,,,,,,,,,,,,,,,,,,,,,,,,,,,,,,
Dan,1736423,Acciyo,1/23/2020 8:49,Republic,https://republic.co/acciyo,https://www.sec.gov/Archives/edgar/data/1736423/000173642320000005/xslC_X01/primary_doc.xml,1/22/2020,"Acciyo, Inc.",Acciyo,Online Media,MediaTech,Early,Seed,RegCF,,SAFE,,,,"$3,000,000 ",0%,"$3,000,000 ",3000000,#NAME?,Recurring,B2C,High Growth,Yes,High,Low,Yes,"$123,000,000,000 ",#NAME?,"$123,000,000,000 ",#NAME?,13.00%,#NAME?,4,High,Low,Obviously better than others,,,No,No,Yes,No,0,#NAME?,15415,"$320,080 ",#NAME?,4.82%,#NAME?,Pre-Revenue,,Yes,1,2,No,Yes,Yes,No,3,3,0,3,,0,0,0,29,Yes,,0,0,0,30,Yes,,,,,,,,,,,,,,,,,,,,,,,,,,,,,,,,,,,,,,,,,,,,,,
Dan,1794073,Amplified Ale Works,1/23/2020 8:56,WeFunder,https://wefunder.com/amplified.ale.works,https://www.sec.gov/Archives/edgar/data/1794073/000167025420000036/xslC_X01/primary_doc.xml,1/16/2020,California Kebab PB Restaurant LLC,Amplified Ale Works,Restaurants,Non-Tech,Growth,Series A,RegCF,,Equity - Preferred,,,"$11,050,000 ",,,,11050000,#NAME?,Transactional,B2B/B2C,Life Style,Yes,Low,Low,No,"$114,200,000,000 ",#NAME?,"$27,600,000,000 ",#NAME?,4.00%,#NAME?,"7,450",Low,Low,Similar to others,,,No,No,Yes,Yes,2904698,#NAME?,19202,"$925,000 ",#NAME?,2.08%,#NAME?,Pre-Profit,,No,0,1,Yes,No,No,No,1,50,0,0,,11,0,0,37,Yes,,,,,,,,,,,,,,,,,,,,,,,,,,,,,,,,,,,,,,,,,,,,,,,,,,,,
Dan,1795240,Elite Amateur Fight League,1/23/2020 9:09,WeFunder,https://wefunder.com/eliteamateurfightleague,https://www.sec.gov/Archives/edgar/data/1795240/000167025420000021/xslC_X01/primary_doc.xml,1/14/2020,"Elite Amateur Flight League, Inc.",Elite Amateur Flight League,Entertainment,Non-Tech,Early,Seed,RegCF,,Equity - Common,,,"$5,000,000 ",,,,5000000,#NAME?,Transactional,B2B/B2C,Life Style,Yes,Low,Low,No,"$5,000,000,000 ",#NAME?,"$1,000,000,000 ",#NAME?,6.00%,#NAME?,2,Low,High,Obviously better than others,,,No,No,Yes,Yes,13080,#NAME?,3019,"$99,933 ",#NAME?,3.02%,#NAME?,Pre-Profit,,No,0,1,Yes,No,Yes,No,0,1,1,0,,6,2,0,46,No,,,,,,,,,,,,,,,,,,,,,,,,,,,,,,,,,,,,,,,,,,,,,,,,,,,,
Dan,1763323,Sinusave,1/23/2020 9:16,Razitall,https://www.razitall.com/pitch/sinusave-the-drug-free-nasal-congestion-solution,https://www.sec.gov/Archives/edgar/data/1763323/000166828720000003/xslC_X01/primary_doc.xml,1/22/2020,"Actual Natural Health and Wellness Products, Inc.",Sinusave,"Health, Welness & Fitness",Non-Tech,Early,Seed,RegCF,,CAFES,,,,"$3,977,777 ",0%,"$3,977,777 ",3977777,#NAME?,Transactional,B2B/B2C,Life Style,Yes,High,Low,No,"$49,540,000,000 ",#NAME?,"$15,190,000,000 ",#NAME?,6.00%,#NAME?,204,Low,Low,Similar to others,,,No,Yes,Yes,Yes,19793,#NAME?,19211,"$106,803 ",#NAME?,17.99%,#NAME?,Pre-Profit,,No,0,1,Yes,No,No,No,1,3,0,0,,7,0,0,42,No,,,,,,,,,,,,,,,,,,,,,,,,,,,,,,,,,,,,,,,,,,,,,,,,,,,,
Dan,1792640,FlowerBee Group,1/27/2020 15:58,Fundanna,https://fundanna.com/equity/offer-summary/FlowerBee,https://www.sec.gov/Archives/edgar/data/1792640/000179264020000003/xslC_X01/primary_doc.xml,3/4/2020,"Flowerbee Group, Inc.",FlowerBee Group Inc.,Commercial Real Estate,Non-Tech,Early,Pre-Seed,RegCF,,Convertible Note,,,,"$2,339,270 ",0%,"$2,339,270 ",2339270,#NAME?,Recurring,B2B,Life Style,Yes,High,High,No,"$200,000,000,000 ",#NAME?,"$4,710,000,000 ",#NAME?,16.00%,#NAME?,6,High,Low,Similar to others,,,No,No,No,No,0,#NAME?,19,$0 ,#NAME?,100.00%,#NAME?,Pre-Product,,No,0,1,Yes,No,No,No,1,1,0,0,,3,1,0,42,No,,,,,,,,,,,,,,,,,,,,,,,,,,,,,,,,,,,,,,,,,,,,,,,,,,,,
Dan,1700943,Plei,1/27/2020 16:03,Republic,https://republic.co/plei,https://www.sec.gov/Archives/edgar/data/1700943/000170094320000001/xslC_X01/primary_doc.xml,1/23/2020,"Plei, Inc.",Plei,Entertainment,MarketplaceTech,Early,Seed,RegCF,,SAFE,,,,"$10,000,000 ",20%,"$8,000,000 ",8000000,#NAME?,Recurring,B2B,Life Style,Yes,High,Low,No,"$27,800,000,000 ",#NAME?,"$2,500,000,000 ",#NAME?,1.00%,#NAME?,3,High,Low,Obviously better than others,,,No,No,Yes,Yes,18031,#NAME?,14399,"$165,974 ",#NAME?,8.68%,#NAME?,Pre-Profit,,Yes,0,2,No,No,Yes,No,2,2,0,0,,0,1,0,27,No,,0,0,0,32,No,,,,,,,,,,,,,,,,,,,,,,,,,,,,,,,,,,,,,,,,,,,,,,
Dan,1785115,A Boring Life,1/27/2020 16:06,Republic,https://republic.co/a-boring-life,https://www.sec.gov/Archives/edgar/data/1785115/000178511520000001/xslC_X01/primary_doc.xml,1/24/2020,Boring Life Inc.,A Boring Life,Cannabis and CBD,Non-Tech,Early,Seed,RegCF,,SAFE,,,,"$3,500,000 ",20%,"$2,800,000 ",2800000,#NAME?,Transactional,B2B/B2C,Life Style,Yes,Low,Low,Yes,"$200,000,000,000 ",#NAME?,"$10,200,000,000 ",#NAME?,19.00%,#NAME?,"2,650",Low,Low,Similar to others,,,No,No,Yes,Yes,26014,#NAME?,24926,"$339,124 ",#NAME?,7.35%,#NAME?,Pre-Profit,,Yes,0,2,Yes,Yes,No,No,1,2,3,0,,2,1,1,42,No,,2,1,1,46,No,,,,,,,,,,,,,,,,,,,,,,,,,,,,,,,,,,,,,,,,,,,,,,
Dan,1795289,CannTrade,1/28/2020 19:07,Microventures,https://app.microventures.com/crowdfunding/canntrade,https://www.sec.gov/Archives/edgar/data/1795289/000179528920000003/xslC_X01/primary_doc.xml,3/11/2020,"Trimpakt, Inc.",CannTrade,Cannabis and CBD,CommerceTech,Early,Seed,RegCF,,SAFE,,,,"$6,000,000 ",20%,"$4,800,000 ",4800000,#NAME?,Transactional,B2B,Life Style,Yes,High,Low,No,"$200,000,000,000 ",#NAME?,"$200,000,000,000 ",#NAME?,13.00%,#NAME?,6,Low,Low,Similar to others,,,No,No,Yes,Yes,47110,#NAME?,6968,"$292,186 ",#NAME?,2.38%,#NAME?,Pre-Profit,,Yes,0,4,Yes,No,No,No,5,4,0,0,,6,0,0,34,No,,0,0,0,39,Yes,,0,0,0,37,No,,0,1,0,,0,,,,,,,,,,,,,,,,,,,,,,,,,,,,,,,,,,
Dan,1786858,The Fantasy Network,1/28/2020 19:12,StartEngine,https://www.startengine.com/the-fantasy-network,https://www.sec.gov/Archives/edgar/data/1786858/000166516020000211/xslC_X01/primary_doc.xml,3/19/2020,The Fantasy Network Corporation,The Fantasy Network,Entertainment,Non-Tech,Early,Seed,RegCF,,Equity - Common,,,"$8,300,000 ",,,,8300000,#NAME?,Recurring,B2B/B2C,Life Style,Yes,High,Low,No,"$400,600,000,000 ",#NAME?,"$400,600,000,000 ",#NAME?,3.00%,#NAME?,0,High,Low,Obviously better than others,,,No,No,Yes,Yes,70607,#NAME?,3894,$0 ,#NAME?,100.00%,#NAME?,Pre-Profit,,Yes,0,1,Yes,No,No,No,4,1,14,0,,12,1,0,47,No,,,,,,,,,,,,,,,,,,,,,,,,,,,,,,,,,,,,,,,,,,,,,,,,,,,,
Dan,1707359,Neurohacker Collective,1/28/2020 19:21,WeFunder,https://wefunder.com/neurohacker,https://www.sec.gov/Archives/edgar/data/1707359/000167025420000048/xslC_X01/primary_doc.xml,1/16/2020,"Neurohacker Collective, LLC",Neurohacker Collective,"Health, Welness & Fitness",Non-Tech,Growth,Series A,RegCF,,SAFE,,,,"$65,000,000 ",20%,"$52,000,000 ",52000000,#NAME?,Transactional,B2C,Life Style,Yes,Low,Low,No,"$1,735,000,000,000 ",#NAME?,"$1,735,000,000,000 ",#NAME?,19.00%,#NAME?,"6,000",Low,Low,Similar to others,,,No,No,Yes,Yes,6624934,#NAME?,75739,"$4,035,000 ",#NAME?,1.88%,#NAME?,Pre-Profit,,No,0,3,Yes,No,No,No,7,20,0,0,,6,4,0,42,No,,12,3,1,48,Yes,,3,0,0,37,No,,,,,,,,,,,,,,,,,,,,,,,,,,,,,,,,,,,,,,,,
Dan,1798296,Aviana Holdings,1/28/2020 19:27,Fundopolis,https://fundopolis.com/raisedetails?id=cbd77d5a-d358-47c1-ba0a-d9165d6cd793,https://www.sec.gov/Archives/edgar/data/1798296/000178043920000003/xslC_X01/primary_doc.xml,1/23/2020,Aviana Holdings Inc.,,Medical Device,MedTech,Early,Series A,RegCF,,Equity - Common,,,"$18,350,000 ",,,,18350000,#NAME?,Transactional,B2B/B2C,Life Style,Yes,High,Low,No,"$9,956,000,000 ",#NAME?,"$9,956,000,000 ",#NAME?,9.00%,#NAME?,200,Low,Low,Obviously better than others,,,No,Yes,Yes,Yes,33600,#NAME?,83134,"$5,831,485 ",#NAME?,1.43%,#NAME?,Pre-Profit,,No,0,1,Yes,Yes,Yes,No,2,2,1,0,,12,1,0,74,Yes,,,,,,,,,,,,,,,,,,,,,,,,,,,,,,,,,,,,,,,,,,,,,,,,,,,,
Dan,1737259,Kansas City Breweries & Beverage Company,1/28/2020 19:31,Fundopolis,https://fundopolis.com/raisedetails?id=9906f30b-dcb2-40ac-8596-68cb26e04b34,https://www.sec.gov/Archives/edgar/data/1737259/000178043920000001/xslC_X01/primary_doc.xml,1/21/2020,Kansas City Breweries Co LLC,Kansas City Breweries & Beverage Company,Food & Beverages,Non-Tech,Early,Seed,RegCF,RegD 506(C),Equity - Common,,,"$10,000,000 ",,,,10000000,#NAME?,Transactional,B2B,Life Style,Yes,Low,Low,No,"$139,500,000,000 ",#NAME?,"$139,500,000,000 ",#NAME?,5.00%,#NAME?,"7,363",Low,Low,Similar to others,,,No,No,Yes,Yes,2400,#NAME?,1173,"$86,793 ",#NAME?,1.35%,#NAME?,Pre-Profit,,Yes,0,1,No,Yes,No,No,0,1,0,0,,0,0,0,42,No,,,,,,,,,,,,,,,,,,,,,,,,,,,,,,,,,,,,,,,,,,,,,,,,,,,,
Dan,1796532,Edison Golf Company,1/30/2020 12:13,NextSeed,https://www.nextseed.com/offerings/edison-golf,https://www.sec.gov/Archives/edgar/data/1796532/000179653220000002/xslC_X01/primary_doc.xml,1/23/2020,Edison Golf Co.,,Sporting Goods,Non-Tech,Early,Pre-Seed,RegCF,,SAFE,,,,"$2,100,000 ",20%,"$1,680,000 ",1680000,#NAME?,Transactional,B2B/B2C,Life Style,Yes,Low,Low,No,"$2,400,000,000 ",#NAME?,"$175,000,000 ",#NAME?,6.00%,#NAME?,50,Low,Low,Similar to others,,,No,Yes,No,No,0,#NAME?,6414,"$68,428 ",#NAME?,9.37%,#NAME?,Pre-Revenue,,Yes,0,1,Yes,No,No,No,1,1,0,0,,25,4,0,68,No,,,,,,,,,,,,,,,,,,,,,,,,,,,,,,,,,,,,,,,,,,,,,,,,,,,,
Dan,1794083,OuiPlease,1/31/2020 14:02,StartEngine,https://www.startengine.com/ouipleasebox,https://www.sec.gov/Archives/edgar/data/1794083/000166516020000065/xslC_X01/primary_doc.xml,1/30/2020,"My French Connection, Inc.",QuiPlease,Apparel & Fashion,Non-Tech,Growth,Series A,RegCF,,Equity - Common,,,"$4,000,000 ",,,,4000000,#NAME?,Recurring,B2C,Life Style,Yes,Low,Low,No,"$13,500,000,000 ",#NAME?,"$13,500,000,000 ",#NAME?,29.00%,#NAME?,19,Low,Low,Similar to others,,,No,No,Yes,Yes,350719,#NAME?,2687,"$481,341 ",#NAME?,0.56%,#NAME?,Pre-Profit,,Yes,0,1,Yes,Yes,No,No,3,4,0,0,,7,0,0,32,No,,,,,,,,,,,,,,,,,,,,,,,,,,,,,,,,,,,,,,,,,,,,,,,,,,,,
Dan,1800216,Mammalz,1/31/2020 16:48,WeFunder,https://wefunder.com/mammalz,https://www.sec.gov/Archives/edgar/data/1800216/000167025420000026/xslC_X01/primary_doc.xml,1/15/2020,"Mammalz, PBC",Mammalz,Internet,Non-Tech,Early,Seed,RegCF,,Convertible Note,,,,"$5,000,000 ",20%,"$4,000,000 ",4000000,#NAME?,Recurring,B2B2C,Life Style,Yes,High,Low,Yes,"$311,000,000,000 ",#NAME?,"$311,000,000,000 ",#NAME?,4.00%,#NAME?,0,High,High,Obviously better than others,,,No,No,Yes,Yes,337,#NAME?,15562,"$300,000 ",#NAME?,5.19%,#NAME?,Pre-Profit,,No,0,2,Yes,No,No,No,3,5,0,0,,14,0,0,42,No,,0,0,0,28,No,,,,,,,,,,,,,,,,,,,,,,,,,,,,,,,,,,,,,,,,,,,,,,
Dan,1797607,Proper Good,1/31/2020 16:53,WeFunder,https://wefunder.com/eatpropergood,https://www.sec.gov/Archives/edgar/data/1797607/000167025420000046/xslC_X01/primary_doc.xml,1/17/2020,Proper Good Inc.,Proper Good,Food & Beverages,Non-Tech,Early,Seed,RegCF,,SAFE,,,,"$5,500,000 ",0%,"$5,500,000 ",5500000,#NAME?,Transactional,B2C,Life Style,Yes,High,Low,No,"$17,080,000,000 ",#NAME?,"$17,080,000,000 ",#NAME?,3.00%,#NAME?,14,Low,Low,Similar to others,,,No,No,No,No,0,#NAME?,0,"$160,000 ",#NAME?,100.00%,#NAME?,Pre-Revenue,,Yes,0,2,Yes,Yes,No,No,3,2,0,0,,7,1,1,29,Yes,,10,2,1,36,No,,,,,,,,,,,,,,,,,,,,,,,,,,,,,,,,,,,,,,,,,,,,,,
Dan,1794960,Fashwire,2/3/2020 12:45,Republic,https://republic.co/fashwire,https://www.sec.gov/Archives/edgar/data/1794960/000179496020000001/xslC_X01/primary_doc.xml,1/31/2020,Fashwire Inc.,Fashwire,Apparel & Fashion,MarketplaceTech,Early,Series A,RegCF,,SAFE,,,,"$10,000,000 ",0%,"$10,000,000 ",10000000,#NAME?,Transactional,B2B/B2C,Life Style,Yes,High,Low,Yes,"$696,300,000,000 ",#NAME?,"$696,300,000,000 ",#NAME?,12.00%,#NAME?,5,Low,Low,Similar to others,,,No,No,No,No,0,#NAME?,55308,"$2,100,000 ",#NAME?,2.63%,#NAME?,Pre-Revenue,,Yes,0,1,No,Yes,No,No,2,6,7,0,,0,2,0,51,No,,,,,,,,,,,,,,,,,,,,,,,,,,,,,,,,,,,,,,,,,,,,,,,,,,,,
Dan,1799973,Dispatch Goods,2/3/2020 12:48,Republic,https://republic.co/dispatch-goods,https://www.sec.gov/Archives/edgar/data/1799973/000179997320000001/xslC_X01/primary_doc.xml,1/31/2020,"Dispatch Goods, Inc.",Dispatch Goods,Package/Freight Delivery,Non-Tech,Early,Pre-Seed,RegCF,,SAFE,,,,"$4,000,000 ",20%,"$3,200,000 ",3200000,#NAME?,Recurring,B2B/B2C,Life Style,Yes,Low,Low,Yes,"$122,740,000,000 ",#NAME?,"$23,990,000,000 ",#NAME?,9.00%,#NAME?,4,Low,Low,Similar to others,,,Yes,No,No,No,0,#NAME?,5352,"$25,032 ",#NAME?,21.38%,#NAME?,Pre-Revenue,,Yes,1,2,Yes,Yes,No,No,3,2,0,0,,0,1,0,36,Yes,,3,1,0,29,Yes,,,,,,,,,,,,,,,,,,,,,,,,,,,,,,,,,,,,,,,,,,,,,,
Dan,1683872,SONDORS Electric Car Company,2/3/2020 12:52,StartEngine,https://www.startengine.com/sondors-electric-car-company,https://www.sec.gov/Archives/edgar/data/1683872/000166516020000186/xslC_X01/primary_doc.xml,2/28/2020,SONDORS Electric Car Company,,Automotive,CleanTech,Early,Series A,RegCF,,Equity - Common,,,"$80,384,390 ",,,,80384390,#NAME?,Transactional,B2B/B2C,High Growth,Yes,Low,High,No,"$177,800,000,000 ",#NAME?,"$36,820,000,000 ",#NAME?,24.00%,#NAME?,33,Low,High,Obviously better than others,,,Yes,No,No,No,0,#NAME?,28695,"$1,410,090 ",#NAME?,2.03%,#NAME?,Pre-Product,,No,0,1,Yes,No,No,No,1,1,0,0,,3,1,0,42,No,,,,,,,,,,,,,,,,,,,,,,,,,,,,,,,,,,,,,,,,,,,,,,,,,,,,
Dan,1801449,SoKO,2/3/2020 12:55,StartEngine,https://www.startengine.com/soko,https://www.sec.gov/Archives/edgar/data/1801449/000166516020000075/xslC_X01/primary_doc.xml,1/31/2020,"Soko Group, Inc.",SoKO,Cannabis and CBD,Non-Tech,Growth,Series A,RegCF,,Equity - Common,,,"$10,998,984 ",,,,10998984,#NAME?,Transactional,B2B/B2C,Life Style,Yes,High,Low,No,"$200,000,000,000 ",#NAME?,"$3,390,000,000 ",#NAME?,27.00%,#NAME?,"2,650",Low,Low,Similar to others,,,No,No,Yes,Yes,544360,#NAME?,18798,"$203,768 ",#NAME?,9.23%,#NAME?,Profitable,,Yes,0,1,Yes,No,No,No,1,3,0,0,,3,0,0,39,No,,,,,,,,,,,,,,,,,,,,,,,,,,,,,,,,,,,,,,,,,,,,,,,,,,,,
Dan,1801855,Franny's Manufacturing,2/3/2020 12:58,StartEngine,https://www.startengine.com/frannys-manufacturing,https://www.sec.gov/Archives/edgar/data/1801855/000166516020000071/xslC_X01/primary_doc.xml,1/31/2020,Franny's Manufacturing Inc.,Franny's Manufacturing,Cannabis and CBD,Non-Tech,Growth,Seed,RegCF,,Equity - Common,,,"$3,000,000 ",,,,3000000,#NAME?,Transactional,B2C,Life Style,Yes,Low,Low,No,"$200,000,000,000 ",#NAME?,"$10,200,000,000 ",#NAME?,19.00%,#NAME?,"2,650",Low,Low,Similar to others,,,No,No,Yes,Yes,93578,#NAME?,991,"$18,148 ",#NAME?,5.46%,#NAME?,Profitable,,No,0,1,Yes,Yes,No,No,2,5,0,0,,8,1,0,50,No,,,,,,,,,,,,,,,,,,,,,,,,,,,,,,,,,,,,,,,,,,,,,,,,,,,,
Dan,1799227,Yae! Organics,2/3/2020 13:01,StartEngine,https://www.startengine.com/yae-organics,https://www.sec.gov/Archives/edgar/data/1799227/000166516020000079/xslC_X01/primary_doc.xml,1/31/2020,Yae! Organics Inc.,Yae! Organics,Food & Beverages,Non-Tech,Growth,Seed,RegCF,,Equity - Common,,,"$2,448,000 ",,,,2448000,#NAME?,Transactional,B2B/B2C,Life Style,Yes,Low,Low,No,"$319,400,000,000 ",#NAME?,"$319,400,000,000 ",#NAME?,8.00%,#NAME?,179,Low,Low,Similar to others,,,No,No,Yes,Yes,128989,#NAME?,3108,"$5,000 ",#NAME?,62.16%,#NAME?,Profitable,,No,0,1,Yes,No,Yes,No,1,8,3,0,,3,0,0,42,No,,,,,,,,,,,,,,,,,,,,,,,,,,,,,,,,,,,,,,,,,,,,,,,,,,,,
Dan,1801610,Pure Green Franchise,2/4/2020 13:26,Republic,https://republic.co/puregreen,https://www.sec.gov/Archives/edgar/data/1801610/000180161020000002/xslC_X01/primary_doc.xml,2/4/2020,Pure Green Franchise Corp.,Pure Green Franchise,Food & Beverages,Non-Tech,Growth,Series A,RegCF,,SAFE,,,,"$12,000,000 ",10%,"$10,800,000 ",10800000,#NAME?,Transactional,B2B/B2C,Life Style,Yes,High,Low,No,"$10,140,000,000 ",#NAME?,"$2,600,000,000 ",#NAME?,2.00%,#NAME?,"4,374",Low,Low,Similar to others,,,Yes,No,Yes,Yes,2692030,#NAME?,2433,"$1,796,000 ",#NAME?,0.14%,#NAME?,Profitable,,Yes,0,1,Yes,No,No,No,2,2,1,0,,12,1,0,40,No,,,,,,,,,,,,,,,,,,,,,,,,,,,,,,,,,,,,,,,,,,,,,,,,,,,,
Dan,1796093,The Greatest Adventure on Earth,2/4/2020 13:39,WeFunder,https://wefunder.com/the.greatest.adventure.on.earth,https://www.sec.gov/Archives/edgar/data/1796093/000167025420000014/xslC_X01/primary_doc.xml,1/16/2020,"The Greatest Adventures On Earth, LLC",The Greatest Adventure On Earth,Entertainment,Non-Tech,Early,Pre-Seed,RegCF,,SAFE,,,,"$5,000,000 ",20%,"$4,000,000 ",4000000,#NAME?,Transactional,B2B/B2C,Life Style,Yes,High,Low,No,"$752,600,000,000 ",#NAME?,"$752,600,000,000 ",#NAME?,13.00%,#NAME?,1,High,High,Obviously better than others,,,Yes,No,No,No,0,#NAME?,0,$0 ,#NAME?,100.00%,#NAME?,Pre-Product,,No,0,3,Yes,No,No,No,4,3,3,0,,10,1,0,35,No,,0,1,0,33,No,,0,0,0,32,No,,,,,,,,,,,,,,,,,,,,,,,,,,,,,,,,,,,,,,,,
Dan,1800456,Soar.com,2/5/2020 16:40,WeFunder,https://wefunder.com/soar,https://www.sec.gov/Archives/edgar/data/1800456/000167025420000050/xslC_X01/primary_doc.xml,1/21/2020,"Strengths, Inc.",Soar.com,E-learning,MediaTech,Growth,Series A,RegCF,,Equity - Common,,,"$15,600,000 ",,,,15600000,#NAME?,Recurring,B2B/B2C,Life Style,Yes,High,Low,No,"$1,265,000,000 ",#NAME?,"$1,265,000,000 ",#NAME?,5.00%,#NAME?,0,High,High,Obviously better than others,,,Yes,Yes,Yes,Yes,107966,#NAME?,126105,"$3,476,667 ",#NAME?,3.63%,#NAME?,Pre-Profit,,Yes,0,1,Yes,No,No,Yes,1,15,0,0,,23,3,2,55,No,,,,,,,,,,,,,,,,,,,,,,,,,,,,,,,,,,,,,,,,,,,,,,,,,,,,
Dan,1785626,Zanbazan,2/6/2020 12:20,NextSeed,https://www.nextseed.com/offerings/zanbazan,https://www.sec.gov/Archives/edgar/data/1785626/000178562620000004/xslC_X01/primary_doc.xml,2/16/2020,"Zanbazan, LLC",Zanbazan,Apparel & Fashion,Non-Tech,Early,Pre-Seed,RegCF,,SAFE,,,,"$2,000,000 ",20%,"$1,600,000 ",1600000,#NAME?,Transactional,B2B/B2C,Life Style,Yes,Low,Low,No,"$19,910,000,000 ",#NAME?,"$19,910,000,000 ",#NAME?,4.00%,#NAME?,21,Low,Low,Similar to others,,,No,Yes,No,No,0,#NAME?,667,"$15,000 ",#NAME?,4.45%,#NAME?,Pre-Revenue,,Yes,0,1,No,Yes,No,No,4,1,0,0,,0,0,0,33,No,,,,,,,,,,,,,,,,,,,,,,,,,,,,,,,,,,,,,,,,,,,,,,,,,,,,
Dan,1478985,Pacific Integrated Energy,2/7/2020 14:03,StartEngine,https://www.startengine.com/pienergy,https://www.sec.gov/Archives/edgar/data/1478985/000166516020000172/xslC_X01/primary_doc.xml,2/28/2020,"Pacific Integrated Energy, Inc.",PI Energy,Oil & Energy,CleanTech,Early,Series B,RegCF,,Equity - Common,,,"$67,934,930 ",,,,67934930,#NAME?,Transactional,B2B,High Growth,Yes,Low,High,No,"$63,260,000,000 ",#NAME?,"$63,260,000,000 ",#NAME?,21.00%,#NAME?,49,Low,High,Similar to others,,,Yes,Yes,Yes,Yes,6000,#NAME?,148441,"$13,815,635 ",#NAME?,1.07%,#NAME?,Pre-Profit,,Yes,0,1,Yes,No,No,No,3,8,3,0,,18,1,0,55,Yes,,,,,,,,,,,,,,,,,,,,,,,,,,,,,,,,,,,,,,,,,,,,,,,,,,,,
Dan,1767003,Delsure Health Insurance,2/7/2020 14:12,WeFunder,https://wefunder.com/delsure.health.insurance,https://www.sec.gov/Archives/edgar/data/1767003/000167025420000041/xslC_X01/primary_doc.xml,12/18/2019,"Delsure Health Insurance, Inc.",Delsure,Insurance,Non-Tech,Early,Series A,RegCF,,Equity - Preferred,,,"$2,970,000 ",,,,2970000,#NAME?,Recurring,B2C,Life Style,Yes,Low,Low,No,"$1,100,000,000,000 ",#NAME?,"$1,100,000,000,000 ",#NAME?,3.00%,#NAME?,900,Low,High,Similar to others,,,Yes,No,No,No,0,#NAME?,21043,"$1,243,450 ",#NAME?,1.69%,#NAME?,Pre-Revenue,,No,0,1,No,No,Yes,No,3,5,1,0,,0,0,0,72,Yes,,,,,,,,,,,,,,,,,,,,,,,,,,,,,,,,,,,,,,,,,,,,,,,,,,,,
Dan,1800770,Everydae,2/7/2020 14:14,WeFunder,https://wefunder.com/everydae,https://www.sec.gov/Archives/edgar/data/1800770/000167025420000065/xslC_X01/primary_doc.xml,1/23/2020,Learn with ORION LLC,Everydae,E-learning,EdTech,Growth,Series A,RegCF,,SAFE,,,,"$10,000,000 ",0%,"$10,000,000 ",10000000,#NAME?,Recurring,B2B/B2C,Life Style,Yes,High,Low,No,"$80,260,000,000 ",#NAME?,"$633,300,000 ",#NAME?,4.00%,#NAME?,12,High,Low,Obviously better than others,,,Yes,No,Yes,Yes,326909,#NAME?,474,"$25,000 ",#NAME?,1.90%,#NAME?,Profitable,,No,0,3,Yes,Yes,Yes,No,8,7,0,0,,2,1,1,31,Yes,,18,2,1,53,Yes,,13,0,0,45,Yes,,,,,,,,,,,,,,,,,,,,,,,,,,,,,,,,,,,,,,,,
Dan,1802762,Deuce Drone,2/11/2020 13:26,NetCapital,https://netcapital.com/companies/deuce-drone,https://www.sec.gov/Archives/edgar/data/1802762/000166919120000045/xslC_X01/primary_doc.xml,2/10/2020,Deuce Drone LLC,Deuce Drone,Package/Freight Delivery,CommerceTech,Early,Pre-Seed,RegCF,,Equity - Common,,,"$4,200,000 ",,,,4200000,#NAME?,Recurring,B2B/B2C,High Growth,Yes,Low,Low,No,"$693,000,000 ",#NAME?,"$693,000,000 ",#NAME?,45.00%,#NAME?,7,Low,Low,Similar to others,,,No,No,No,No,0,#NAME?,0,$0 ,#NAME?,100.00%,#NAME?,Pre-Product,,Yes,0,3,Yes,No,Yes,No,4,3,0,0,,0,2,0,42,No,,21,0,0,56,No,,2,0,0,22,Yes,,,,,,,,,,,,,,,,,,,,,,,,,,,,,,,,,,,,,,,,
Dan,1585681,ThoughtFull Toys Inc.,2/13/2020 11:54,StartEngine,https://www.startengine.com/thoughtfull-toys-inc,https://www.sec.gov/Archives/edgar/data/1585681/000166516020000109/xslC_X01/primary_doc.xml,2/12/2020,"Thoughtfull Toys, Inc.",ThoughtFull Toys,Consumer Goods,Non-Tech,Growth,Series B,RegCF,,Equity - Preferred,,,"$5,436,506 ",,,,5436506,#NAME?,Transactional,B2B/B2C,Life Style,Yes,Low,Low,No,"$123,750,000,000 ",#NAME?,"$20,910,000,000 ",#NAME?,-4.00%,#NAME?,25,Low,Low,Similar to others,,,No,Yes,Yes,Yes,1580699,#NAME?,114224,"$4,154,770 ",#NAME?,2.75%,#NAME?,Pre-Profit,,Yes,0,1,Yes,No,No,No,1,5,0,0,,31,3,1,42,Yes,,,,,,,,,,,,,,,,,,,,,,,,,,,,,,,,,,,,,,,,,,,,,,,,,,,,
Dan,1800755,"GoBQ Grills, Inc.",2/13/2020 11:56,StartEngine,https://www.startengine.com/gobq-grills,https://www.sec.gov/Archives/edgar/data/1800755/000166516020000114/xslC_X01/primary_doc.xml,2/12/2020,"GoBQ Grills, Inc.",GoBQ Grills,Food Production,FoodTech,Growth,Seed,RegCF,,Equity - Common,,,"$6,000,000 ",,,,6000000,#NAME?,Transactional,B2B/B2C,Life Style,Yes,Low,Low,No,"$46,460,000,000 ",#NAME?,"$46,460,000,000 ",#NAME?,8.00%,#NAME?,251,High,Low,Similar to others,,,No,Yes,Yes,Yes,45755,#NAME?,15439,"$215,000 ",#NAME?,7.18%,#NAME?,Pre-Profit,,Yes,0,2,No,No,No,No,2,3,2,0,,0,1,0,51,No,,0,0,0,,No,,,,,,,,,,,,,,,,,,,,,,,,,,,,,,,,,,,,,,,,,,,,,,
Dan,1800826,Galactic Adventures,2/13/2020 12:00,WeFunder,https://wefunder.com/galacticadventures,https://www.sec.gov/Archives/edgar/data/1800826/000167025420000107/xslC_X01/primary_doc.xml,2/7/2020,"Galactic Adventures, Inc.",Galactic Adventures,Entertainment,Non-Tech,Early,Pre-Seed,RegCF,,Equity - Preferred,,,"$5,000,000 ",,,,5000000,#NAME?,Transactional,B2C,Life Style,Yes,Low,Low,No,"$4,450,000,000 ",#NAME?,"$775,000,000 ",#NAME?,2.00%,#NAME?,"2,350",Low,Low,Similar to others,,,No,No,No,No,0,#NAME?,220,$0 ,#NAME?,100.00%,#NAME?,Pre-Product,,Yes,1,1,No,No,No,No,1,1,0,3,,0,0,0,42,No,,,,,,,,,,,,,,,,,,,,,,,,,,,,,,,,,,,,,,,,,,,,,,,,,,,,
Dan,1803721,American 7s Football League,3/2/2020 11:11,StartEngine,https://www.startengine.com/a7fl,https://www.sec.gov/Archives/edgar/data/1803721/000180372120000002/xslC_X01/primary_doc.xml,2/27/2020,A7FL Inc.,American 7s Football League,Entertainment,Non-Tech,Early,Pre-Seed,RegCF,,Equity - Common,,,"$9,000,000 ",,,,9000000,#NAME?,Recurring,B2B/B2C,Life Style,Yes,High,Low,No,"$75,570,000,000 ",#NAME?,"$75,570,000,000 ",#NAME?,3.00%,#NAME?,2,High,Low,Similar to others,,,No,No,Yes,Yes,20273,#NAME?,874,$0 ,#NAME?,100.00%,#NAME?,Pre-Profit,,Yes,3,2,No,No,No,No,2,2,1,1,,0,0,0,41,No,,0,2,0,41,No,,,,,,,,,,,,,,,,,,,,,,,,,,,,,,,,,,,,,,,,,,,,,,
Dan,1803728,Chicas Tacos,3/2/2020 11:19,StartEngine,https://www.startengine.com/chicastacos,https://www.sec.gov/Archives/edgar/data/1803728/000166516020000195/xslC_X01/primary_doc.xml,3/4/2020,"Chicas Tacos Holdings, Inc.",Chicas Tacos,Restaurants,Non-Tech,Early,Seed,RegCF,,Equity - Common,,,"$6,030,000 ",,,,6030000,#NAME?,Recurring,B2B/B2C,Life Style,Yes,Low,Low,No,"$62,880,000,000 ",#NAME?,"$62,880,000,000 ",#NAME?,5.00%,#NAME?,"57,684",Low,Low,Similar to others,,,No,No,Yes,Yes,9450,#NAME?,19784,"$1,235,000 ",#NAME?,1.60%,#NAME?,Pre-Profit,,Yes,0,4,Yes,No,Yes,No,2,4,0,0,,0,1,0,42,No,,7,,,,,,0,3,0,28,No,,0,2,0,,,,,,,,,,,,,,,,,,,,,,,,,,,,,,,,,,,,
Dan,1803730,Mamie's Pies,3/2/2020 11:28,StartEngine,https://www.startengine.com/mamiespies,https://www.sec.gov/Archives/edgar/data/1803730/000166516020000177/xslC_X01/primary_doc.xml,2/28/2020,"Mamie's Pies, Inc.",Mamie's Pies,Food & Beverages,Non-Tech,Growth,Series A,RegCF,,Equity - Common,,,"$6,250,010 ",,,,6250010,#NAME?,Transactional,B2B/B2C,Life Style,Yes,Low,Low,No,"$104,100,000,000 ",#NAME?,"$31,840,000,000 ",#NAME?,5.00%,#NAME?,11,Low,Low,Similar to others,,,No,No,Yes,Yes,549924,#NAME?,3786,"$737,283 ",#NAME?,0.51%,#NAME?,Pre-Profit,,Yes,16,1,Yes,Yes,No,No,1,2,7,0,,7,0,0,57,No,,,,,,,,,,,,,,,,,,,,,,,,,,,,,,,,,,,,,,,,,,,,,,,,,,,,
Dan,1804772,ClimateCase,3/2/2020 11:32,StartEngine,https://www.startengine.com/climatecase,https://www.sec.gov/Archives/edgar/data/1804772/000166516020000184/xslC_X01/primary_doc.xml,2/28/2020,"Coastal ClimateCase, Inc.",ClimateCase,Consumer Goods,Non-Tech,Growth,Seed,RegCF,,Equity - Common,,,"$2,500,000 ",,,,2500000,#NAME?,Transactional,B2B/B2C,Life Style,Yes,Low,Low,No,"$236,510,000,000 ",#NAME?,"$236,510,000,000 ",#NAME?,3.00%,#NAME?,6,High,Low,Similar to others,,,No,Yes,Yes,Yes,413527,#NAME?,2378,"$118,736 ",#NAME?,2.00%,#NAME?,Profitable,,Yes,0,1,No,Yes,No,No,0,3,1,0,,0,0,0,42,No,,,,,,,,,,,,,,,,,,,,,,,,,,,,,,,,,,,,,,,,,,,,,,,,,,,,
Dan,1800827,Fuchsia Shoes,3/2/2020 11:50,WeFunder,https://wefunder.com/fuchsia.shoes,https://www.sec.gov/Archives/edgar/data/1800827/000167025420000071/xslC_X01/primary_doc.xml,1/28/2020,Fuchsia Shoes Inc.,Fuchsia Shoes,Apparel & Fashion,Non-Tech,Growth,Seed,RegCF,,SAFE,,,,"$4,000,000 ",25%,"$3,000,000 ",3000000,#NAME?,Transactional,B2B/B2C,Life Style,Yes,High,Low,Yes,"$223,700,000,000 ",#NAME?,"$223,700,000,000 ",#NAME?,4.00%,#NAME?,200,High,Low,Obviously better than others,,,No,No,Yes,Yes,129750,#NAME?,4746,"$140,294 ",#NAME?,3.38%,#NAME?,Pre-Profit,,No,0,2,Yes,Yes,Yes,No,5,3,0,0,,4,0,0,38,Yes,,4,0,0,39,No,,,,,,,,,,,,,,,,,,,,,,,,,,,,,,,,,,,,,,,,,,,,,,
Dan,1741462,Citizen Armor,1/2/2020 13:31,Mr. Crowd,https://www.mrcrowd.com/company/TAC,https://www.sec.gov/Archives/edgar/data/1741462/000166610220000002/xslC_X01/primary_doc.xml,1/2/2020,"Armored Citizen, LLC",Citizen Armor,Defense & Space,FashionTech,Growth,,RegCF,,Equity - Common,,,"$8,600,000 ",,,,8600000,#NAME?,Transactional,B2B/B2C,Life Style,Yes,High,Low,No,"$2,300,000,000 ",#NAME?,"$2,300,000,000 ",#NAME?,6.00%,#NAME?,16,Low,Low,Similar to others,,,Yes,Yes,Yes,Yes,287969,#NAME?,21796,$0 ,#NAME?,100.00%,#NAME?,Pre-Profit,,Yes,0,1,Yes,No,No,No,2,10,0,0,,7,5,1,51,No,,,,,,,,,,,,,,,,,,,,,,,,,,,,,,,,,,,,,,,,,,,,,,,,,,,,
Dan,1748253,Vibravision,1/2/2020 13:35,Mr. Crowd,https://www.mrcrowd.com/company/VBR,https://www.sec.gov/Archives/edgar/data/1748253/000166610219000029/xslC_X01/primary_doc.xml,12/23/2019,"Vibravision, LLC",Vibravision,"Health, Welness & Fitness",Non-Tech,Early,Seed,RegCF,,Equity - Common,,,"$7,000,000 ",,,,7000000,#NAME?,Recurring,B2C,Life Style,Yes,Low,Low,No,"$153,400,000 ",#NAME?,"$153,400,000 ",#NAME?,7.00%,#NAME?,"80,559",High,Low,Similar to others,,,Yes,No,Yes,Yes,48597,#NAME?,234,"$30,099 ",#NAME?,0.78%,#NAME?,Pre-Profit,,No,0,3,Yes,No,No,No,1,3,0,0,,20,2,0,48,No,,,,,,,,0,1,0,,,,,,,,,,,,,,,,,,,,,,,,,,,,,,,,,,,,,,,,,,
Dan,1758447,Social5,1/2/2020 13:37,Mr. Crowd,https://www.mrcrowd.com/company/SOC,https://www.sec.gov/Archives/edgar/data/1758447/000166610220000001/xslC_X01/primary_doc.xml,1/2/2020,"Social5, LLC",Social5,Marketing & Advertising,AdTech,Growth,Series B,RegCF,,Equity - Common,,,"$8,000,000 ",,,,8000000,#NAME?,Recurring,B2B,High Growth,Yes,High,Low,No,"$504,580,000,000 ",#NAME?,"$504,580,000,000 ",#NAME?,38.00%,#NAME?,"7,365",Low,Low,Similar to others,,,No,No,Yes,Yes,2646599,#NAME?,9157,$0 ,#NAME?,100.00%,#NAME?,Profitable,,No,0,5,Yes,No,No,No,6,20,0,0,,8,0,0,42,No,,9,0,0,38,No,,8,0,0,54,No,,10,0,0,41,No,,7,0,0,,No,,,,,,,,,,,,,,,,,,,,,,,,,,,,
Dan,1742800,ZAMii,1/2/2020 13:57,Razitall,https://www.razitall.com/pitch/zamii-clean-cleaning-americas-carpets-upholstery,https://www.sec.gov/Archives/edgar/data/1742800/000166828719000051/xslC_X01/primary_doc.xml,9/25/2019,Zamii Clean USA Carpet and Upholstery Cleaning Corp.,ZAMii Clean Cleaning Americas Carpets & Upholstery,Consumer Services,Non-Tech,Early,Pre-Seed,RegCF,,CAFES,,,,"$450,000 ",0%,"$450,000 ",450000,#NAME?,Transactional,B2B/B2C,Life Style,Yes,Low,Low,No,"$4,260,000,000 ",#NAME?,"$4,260,000,000 ",#NAME?,4.00%,#NAME?,"7,700",Low,Low,Similar to others,,,No,No,No,No,0,#NAME?,365,$0 ,#NAME?,100.00%,#NAME?,Pre-Product,,No,0,1,No,No,Yes,No,0,2,0,0,,0,2,0,59,No,,,,,,,,,,,,,,,,,,,,,,,,,,,,,,,,,,,,,,,,,,,,,,,,,,,,
Dan,1740066,Bum Butt Corporation,1/2/2020 14:00,Razitall,https://www.razitall.com/pitch/bum-butt-wipes-container,https://www.sec.gov/Archives/edgar/data/1740066/000166828719000036/xslC_X01/primary_doc.xml,9/4/2019,Bum Butt Corporation,Bum Butt Wipes & Container,Consumer Goods,Non-Tech,Early,Pre-Seed,RegCF,,CAFES,,,,"$464,285 ",0%,"$464,285 ",464285,#NAME?,Transactional,B2B/B2C,Life Style,Yes,Low,Low,No,"$17,590,000,000 ",#NAME?,"$17,590,000,000 ",#NAME?,6.00%,#NAME?,6,Low,Low,Similar to others,,,No,No,No,No,0,#NAME?,1194,"$5,870 ",#NAME?,20.34%,#NAME?,Pre-Revenue,,No,0,1,No,No,Yes,No,2,2,0,0,,0,3,0,49,No,,,,,,,,,,,,,,,,,,,,,,,,,,,,,,,,,,,,,,,,,,,,,,,,,,,,
Dan,1796828,Lyons Ave Renaissance,1/2/2020 14:18,Buy The Block,https://buytheblock.com/campaign/buying-the-block-in-historic-5th-ward-houston,https://www.sec.gov/Archives/edgar/data/1796828/000179682820000002/xslC_X01/primary_doc.xml,1/17/2020,3204 Lyons Avenue LLC,,Real Estate,Non-Tech,Early,Seed,RegCF,,Equity - Common,,,"$2,660,000 ",,,,2660000,#NAME?,Recurring,B2B/B2C,Life Style,Yes,Low,High,No,"$752,222,000,000 ",#NAME?,"$752,222,000,000 ",#NAME?,5.00%,#NAME?,,Low,Low,Similar to others,,,No,No,No,No,0,#NAME?,0,"$50,000 ",#NAME?,100.00%,#NAME?,Pre-Product,,No,0,1,Yes,No,Yes,No,1,2,0,0,,9,1,0,36,No,,,,,,,,,,,,,,,,,,,,,,,,,,,,,,,,,,,,,,,,,,,,,,,,,,,,
Dan,1780452,BitiCar,1/2/2020 14:23,CrowdSource Funded,https://crowdsourcefunded.com/offerings/14/cycles/14,https://www.sec.gov/Archives/edgar/data/1780452/000178045220000001/xslC_X01/primary_doc.xml,1/2/2020,"Globocoin 1, LLC",BitiCar,Transportation/Trucking/Railroad,Non-Tech,Early,Pre-Seed,RegCF,,Equity - Common,,,"$25,000,000 ",,,,25000000,#NAME?,Transactional,B2C,Life Style,Yes,Low,High,No,"$88,080,000,000 ",#NAME?,"$88,080,000,000 ",#NAME?,20.00%,#NAME?,11,Low,Low,Similar to others,,,No,No,No,No,0,#NAME?,48,$0 ,#NAME?,100.00%,#NAME?,Pre-Product,,No,0,1,No,No,No,No,1,1,0,0,,0,0,0,42,No,,,,,,,,,,,,,,,,,,,,,,,,,,,,,,,,,,,,,,,,,,,,,,,,,,,,
Dan,1626196,Geoship,1/3/2020 10:28,StartEngine,https://www.startengine.com/geoship,https://www.sec.gov/Archives/edgar/data/1626196/000166516020000157/xslC_X01/primary_doc.xml,2/26/2020,Geoship SPC,Geoship,Real Estate,PropTech,Early,Seed,RegCF,,Equity - Common,,,"$8,996,400 ",,,,8996400,#NAME?,Transactional,B2B/B2C,Life Style,Yes,Low,High,No,"$22,290,000,000,000 ",#NAME?,"$22,290,000,000,000 ",#NAME?,9.00%,#NAME?,7,High,High,Obviously better than others,,,Yes,Yes,No,No,0,#NAME?,6131,"$353,664 ",#NAME?,1.73%,#NAME?,Pre-Product,,Yes,1,2,No,No,No,No,3,5,13,0,,0,0,0,42,No,,0,1,0,37,No,,,,,,,,,,,,,,,,,,,,,,,,,,,,,,,,,,,,,,,,,,,,,,
Dan,1446275,LiquidPiston,1/3/2020 10:31,StartEngine,https://www.startengine.com/liquidpiston,https://www.sec.gov/Archives/edgar/data/1446275/000166516020000007/xslC_X01/primary_doc.xml,1/2/2020,"LiquidPiston, LLC",LiquidPiston,Transportation/Trucking/Railroad,CleanTech,Growth,Series C,RegCF,,Equity - Common,,,"$51,633,010 ",,,,51633010,#NAME?,Transactional,B2B/B2C,High Growth,Yes,Low,High,Yes,"$218,500,000,000 ",#NAME?,"$218,500,000,000 ",#NAME?,5.00%,#NAME?,25,High,High,Obviously better than others,,,Yes,Yes,Yes,Yes,2840294,#NAME?,79142,"$21,865,751 ",#NAME?,0.36%,#NAME?,Pre-Profit,,Yes,2,2,Yes,No,No,No,4,19,0,0,,9,0,0,39,Yes,,16,0,0,67,No,,,,,,,,,,,,,,,,,,,,,,,,,,,,,,,,,,,,,,,,,,,,,,
Dan,1777274,Oracle Health,1/6/2020 11:23,Microventures,https://app.microventures.com/crowdfunding/oracle-health,https://www.sec.gov/Archives/edgar/data/1777274/000177727420000004/xslC_X01/primary_doc.xml,2/26/2020,Oracle Health Inc.,Oracle Health,Medical Device,MedTech,Early,Seed,RegCF,,SAFE,,,,"$5,000,000 ",20%,"$4,000,000 ",4000000,#NAME?,Transactional,B2B/B2C,High Growth,Yes,High,Low,Yes,"$21,450,000,000 ",#NAME?,"$21,450,000,000 ",#NAME?,4.00%,#NAME?,20,High,High,Obviously better than others,,,Yes,Yes,No,No,0,#NAME?,5508,"$60,000 ",#NAME?,9.18%,#NAME?,Pre-Revenue,,Yes,1,1,Yes,No,Yes,No,2,1,6,0,,13,0,0,42,Yes,,,,,,,,,,,,,,,,,,,,,,,,,,,,,,,,,,,,,,,,,,,,,,,,,,,,
,,,,,,,,,,,,,,,,,,,,,,,,,,,,,,,,,,,,,,,,,,,,,,,,,,,,,,,,,,,,,,,,,,,,,,,,,,,,,,,,,,,,,,,,,,,,,,,,,,,,,,,,,,,,,,,,,,,,,,,,,,,,,
,,,,,,,,,,,,,,,,,,,,,,,,,,,,,,,,,,,,,,,,,,,,,,,,,,,,,,,,,,,,,,,,,,,,,,,,,,,,,,,,,,,,,,,,,,,,,,,,,,,,,,,,,,,,,,,,,,,,,,,,,,,,,
,,,,,,,,,,,,,,,,,,,,,,,,,,,,,,,,,,,,,,,,,,,,,,,,,,,,,,,,,,,,,,,,,,,,,,,,,,,,,,,,,,,,,,,,,,,,,,,,,,,,,,,,,,,,,,,,,,,,,,,,,,,,,
,,,,,,,,,,,,,,,,,,,,,,,,,,,,,,,,,,,,,,,,,,,,,,,,,,,,,,,,,,,,,,,,,,,,,,,,,,,,,,,,,,,,,,,,,,,,,,,,,,,,,,,,,,,,,,,,,,,,,,,,,,,,,
,,,,,,,,,,,,,,,,,,,,,,,,,,,,,,,,,,,,,,,,,,,,,,,,,,,,,,,,,,,,,,,,,,,,,,,,,,,,,,,,,,,,,,,,,,,,,,,,,,,,,,,,,,,,,,,,,,,,,,,,,,,,,
,,,,,,,,,,,,,,,,,,,,,,,,,,,,,,,,,,,,,,,,,,,,,,,,,,,,,,,,,,,,,,,,,,,,,,,,,,,,,,,,,,,,,,,,,,,,,,,,,,,,,,,,,,,,,,,,,,,,,,,,,,,,,
,,,,,,,,,,,,,,,,,,,,,,,,,,,,,,,,,,,,,,,,,,,,,,,,,,,,,,,,,,,,,,,,,,,,,,,,,,,,,,,,,,,,,,,,,,,,,,,,,,,,,,,,,,,,,,,,,,,,,,,,,,,,,
,,,,,,,,,,,,,,,,,,,,,,,,,,,,,,,,,,,,,,,,,,,,,,,,,,,,,,,,,,,,,,,,,,,,,,,,,,,,,,,,,,,,,,,,,,,,,,,,,,,,,,,,,,,,,,,,,,,,,,,,,,,,,
,,,,,,,,,,,,,,,,,,,,,,,,,,,,,,,,,,,,,,,,,,,,,,,,,,,,,,,,,,,,,,,,,,,,,,,,,,,,,,,,,,,,,,,,,,,,,,,,,,,,,,,,,,,,,,,,,,,,,,,,,,,,,
,,,,,,,,,,,,,,,,,,,,,,,,,,,,,,,,,,,,,,,,,,,,,,,,,,,,,,,,,,,,,,,,,,,,,,,,,,,,,,,,,,,,,,,,,,,,,,,,,,,,,,,,,,,,,,,,,,,,,,,,,,,,,
,,,,,,,,,,,,,,,,,,,,,,,,,,,,,,,,,,,,,,,,,,,,,,,,,,,,,,,,,,,,,,,,,,,,,,,,,,,,,,,,,,,,,,,,,,,,,,,,,,,,,,,,,,,,,,,,,,,,,,,,,,,,,
,,,,,,,,,,,,,,,,,,,,,,,,,,,,,,,,,,,,,,,,,,,,,,,,,,,,,,,,,,,,,,,,,,,,,,,,,,,,,,,,,,,,,,,,,,,,,,,,,,,,,,,,,,,,,,,,,,,,,,,,,,,,,
Olivia,1806194,Brambler Boutique,,Honeycomb,https://app.honeycombcredit.com/en/projects/11357-Brambler-Boutique,https://www.sec.gov/Archives/edgar/data/1806194/000180619420000001/xslC_X01/primary_doc.xml,3/10/2020,Poppet LLC,Brambler Boutique,Consumer Goods,Non-Tech,Early,Pre-Seed,RegCF,,Debt,,11.25%,,,,,,,Transactional,B2C,Life Style,No,Low,High,No,"$203,000,000,000 ",#NAME?,"$5,890,000,000 ",#NAME?,6.20%,,25,High,Low,Similar to others,Low,High,Yes,No,Yes,Yes,226084,,927,$0 ,,100.00%,,Profitable,,No,0,2,No,Yes,Yes,No,4,3,0,0,,2,0,0,36,No,,0,1,0,36,No,,,,,,,,,,,,,,,,,,,,,,,,,,,,,,,,,,,,,,,,,,,,,,
Olivia,1802569,Xin Chao,2/20/2020 14:09,NextSeed,https://www.nextseed.com/offerings/xin-chao,https://www.sec.gov/Archives/edgar/data/1802569/000180256920000001/xslC_X01/primary_doc.xml,2/20/2020,Xin Chao LLC,Xin Chao,Food & Beverages,Non-Tech,Early,Pre-Seed,RegCF,,Debt,,17.00%,,,,,,,Transactional,B2C,Life Style,No,Low,High,No,"$899,000,000,000 ",#NAME?,"$36,700,000,000 ",#NAME?,9.50%,,10,High,Low,Similar to others,Low,High,No,No,No,No,0,,0,$0 ,,100.00%,,Pre-Revenue,,No,0,2,No,Yes,Yes,Yes,2,3,0,0,,10,0,0,40,Yes,,7,0,0,30,Yes,,,,,,,,,,,,,,,,,,,,,,,,,,,,,,,,,,,,,,,,,,,,,,
Olivia,1798432,Hot Oven Cookies,,MainVest,https://mainvest.com/businesses/hot-oven-cookies/overview,https://www.sec.gov/Archives/edgar/data/1798432/000174605920000092/xslC_X01/primary_doc.xml,3/25/2020,"HOT OVEN COOKIES, LLC",Hot Oven Cookies,Food & Beverages,Non-Tech,Early,Pre-Seed,RegCF,,Revenue Share,1.6,,,,,,,,Transactional,B2C,Life Style,No,High,Low,No,"$30,620,000,000 ",#NAME?,"$2,500,000,000 ",#NAME?,5.30%,,5,High,Low,Similar to others,Low,High,No,No,No,No,0,,0,$0 ,,100.00%,,Pre-Revenue,,No,0,1,No,Yes,No,No,1,1,0,0,,0,0,0,44,No,,,,,,,,,,,,,,,,,,,,,,,,,,,,,,,,,,,,,,,,,,,,,,,,,,,,
Olivia,1807625,Aloha Tropical Bowls,,MainVest,https://mainvest.com/businesses/aloha-tropical-bowls/overview,https://www.sec.gov/Archives/edgar/data/1807625/000174605920000090/xslC_X01/primary_doc.xml,3/25/2020,"ALOHA TROPICAL BOWLS, LLC",Aloha Tropical Bowls,Food & Beverages,Non-Tech,Early,Pre-Seed,RegCF,,Revenue Share,1.3,,,,,,,,Transactional,B2C,Life Style,No,High,Low,No,"$1,100,000,000 ",#NAME?,"$892,600,000 ",#NAME?,12.40%,,1,High,Low,Similar to others,Low,High,No,No,No,No,0,,0,$0 ,,100.00%,,Pre-Revenue,,No,0,1,No,No,No,No,0,1,0,0,,15,0,0,42,No,,,,,,,,,,,,,,,,,,,,,,,,,,,,,,,,,,,,,,,,,,,,,,,,,,,,
Olivia,1807638,Smokey Vale,,MainVest,https://mainvest.com/businesses/smokey-vale/overview,https://www.sec.gov/Archives/edgar/data/1807638/000174605920000093/xslC_X01/primary_doc.xml,3/26/2020,Smokey Vale LLC,Smokey Vale,Consumer Services,Non-Tech,Early,Pre-Seed,RegCF,,Revenue Share,1.7,,,,,,,,Transactional,B2C,Life Style,No,Low,High,No,"$87,900,000,000 ",#NAME?,"$3,700,000,000 ",#NAME?,1.80%,,5,High,Low,Similar to others,Low,High,No,No,No,No,0,,0,$0 ,,100.00%,,Pre-Revenue,,No,0,1,No,No,No,No,0,1,0,0,,20,0,0,42,No,,,,,,,,,,,,,,,,,,,,,,,,,,,,,,,,,,,,,,,,,,,,,,,,,,,,
Iliass,1787344,Celebrate with Sarah Hospitality,9/12/2019 9:55,WeFunder,https://wefunder.com/celebratewithsarah,https://www.sec.gov/Archives/edgar/data/1787344/000167025419000501/xslC_X01/primary_doc.xml,9/4/2019,CWS Hospitality LLC,Celebrate with Sarah,Hospitality,Non-Tech,Early,Pre-Seed,RegCF,,Revenue Share,2,,,,,,,,Transactional,B2B/B2C,Life Style,No,Low,High,No,"$707,200,000 ",#NAME?,"$47,146,667 ",#NAME?,9.20%,,100,Low,Low,Similar to others,Low,High,Yes,No,No,No,0,,0,$0 ,,100.00%,,Pre-Product,,No,0,1,No,Yes,No,No,2,2,0,0,,4,0,0,31,No,,,,,,,,,,,,,,,,,,,,,,,,,,,,,,,,,,,,,,,,,,,,,,,,,,,,
Iliass,1796230,True Wines,12/10/2019 14:02,MainVest,https://mainvest.com/businesses/true-wines,https://www.sec.gov/Archives/edgar/data/1796230/000174605919000091/xslC_X01/primary_doc.xml,12/10/2019,True Wines LLC,True Wines,Food & Beverages,Non-Tech,Early,Pre-Seed,RegCF,,Revenue Share,1.5,,,,,,,,Transactional,B2B/B2C,Life Style,No,Low,High,No,"$63,100,000,000 ",#NAME?,"$4,000,000 ",#NAME?,3.30%,,100,Low,Low,Similar to others,Low,High,No,No,No,No,0,,0,$0 ,,100.00%,,Pre-Product,,No,0,2,No,Yes,Yes,No,0,2,0,0,,0,0,0,42,No,,0,0,0,,No,,,,,,,,,,,,,,,,,,,,,,,,,,,,,,,,,,,,,,,,,,,,,,
Iliass,1802485,The Upperow,2/24/2020 11:35,Honeycomb,https://app.honeycombcredit.com/en/projects/11325-The-Upper-Row,https://www.sec.gov/Archives/edgar/data/1802485/000180248520000001/xslC_X01/primary_doc.xml,2/19/2020,Upper Row LLC,The Upper Row,Apparel & Fashion,Non-Tech,Early,Seed,RegCF,,Debt,,12.50%,,,,,,,Transactional,B2C,Life Style,No,Low,Low,No,"$2,500,000,000 ",#NAME?,"$25,000,000 ",#NAME?,12.00%,,100,Low,Low,Similar to others,Low,High,No,No,Yes,Yes,42999,,1019,$0 ,,100.00%,,Pre-Profit,,No,0,2,No,Yes,Yes,No,3,3,0,0,,1,0,0,51,No,,1,0,0,,,,,,,,,,,,,,,,,,,,,,,,,,,,,,,,,,,,,,,,,,,,,,,,
Iliass,1804109,Sail to Trail WineWorks,2/25/2020 12:26,MainVest,https://mainvest.com/businesses/sail-to-trail-wineworks,https://www.sec.gov/Archives/edgar/data/1804109/000174605920000054/xslC_X01/primary_doc.xml,2/24/2020,SAIL TO TRAIL LLC,Sail To Trail WineWorks,Wine & Spirits,Non-Tech,Early,Seed,RegCF,,Revenue Share,1.8,,,,,,,,Transactional,B2B/B2C,Life Style,No,High,High,No,"$72,000,000,000 ",#NAME?,"$72,000,000,000 ",#NAME?,4.00%,,1000,Low,Low,Similar to others,Low,High,No,No,Yes,Yes,0,,0,$0 ,,100.00%,,Pre-Profit,,No,0,1,No,No,No,No,1,3,0,0,,2,0,0,50,No,,,,,,,,,,,,,,,,,,,,,,,,,,,,,,,,,,,,,,,,,,,,,,,,,,,,
Iliass,1795322,Ronin Harrisburg,2/27/2020 11:12,NextSeed,https://www.nextseed.com/offerings/ronin-harrisburg,https://www.sec.gov/Archives/edgar/data/1795322/000179532220000001/xslC_X01/primary_doc.xml,2/25/2020,"Ronin Harrisburg, LLC",Ronin Harrisburg,Events Services,Non-Tech,Growth,Series A,RegCF,,Debt,,16.00%,,,,,,,Transactional,B2B/B2C,Life Style,No,Low,High,No,"$1,750,000,000 ",#NAME?,"$1,750,000,000 ",#NAME?,7.00%,,70,Low,Low,Similar to others,Low,High,No,No,No,No,0,,0,$0 ,,100.00%,,Pre-Product,,No,0,1,No,No,Yes,No,2,2,0,0,,7,0,0,36,No,,,,,,,,,,,,,,,,,,,,,,,,,,,,,,,,,,,,,,,,,,,,,,,,,,,,
Iliass,1804411,Little Radish Provisions,2/27/2020 11:38,MainVest,https://mainvest.com/businesses/little-radish,https://www.sec.gov/Archives/edgar/data/1804411/000174605920000056/xslC_X01/primary_doc.xml,2/26/2020,Little Radish Provisions LLC,Little Radish Provisions,Food & Beverages,Non-Tech,Early,Pre-Seed,RegCF,,Revenue Share,1.5,,,,,,,,Transactional,B2C,Life Style,No,Low,Low,No,"$678,400,000,000 ",#NAME?,"$678,400,000,000 ",#NAME?,1.80%,,100,Low,Low,Similar to others,Low,High,No,No,No,No,0,,0,$0 ,,100.00%,,Pre-Product,,No,0,2,No,Yes,No,No,2,2,0,0,,0,0,0,34,No,,0,0,0,35,,,,,,,,,,,,,,,,,,,,,,,,,,,,,,,,,,,,,,,,,,,,,,,
Iliass,1804466,Salem Gnu Kitchen,2/28/2020 12:12,MainVest,https://mainvest.com/b/salem-gnu-kitchen-salem,https://www.sec.gov/Archives/edgar/data/1804466/000174605920000063/xslC_X01/primary_doc.xml,2/27/2020,Salem Gnu Kitchen Inc.,Salem Gnu Kitchen,Food & Beverages,Non-Tech,Early,Seed,RegCF,,Revenue Share,1.5,,,,,,,,Recurring,B2B,Life Style,No,Low,Low,No,"$26,970,000,000 ",#NAME?,"$26,970,000,000 ",#NAME?,3.50%,,11,Low,Low,Similar to others,Low,Low,No,No,Yes,Yes,0,,0,$0 ,,100.00%,,Pre-Profit,,Yes,1,1,No,No,No,No,3,2,0,0,,2,0,0,44,No,,,,,,,,,,,,,,,,,,,,,,,,,,,,,,,,,,,,,,,,,,,,,,,,,,,,
Iliass,1804876,Room and Boards Cafe,2/28/2020 12:16,MainVest,https://mainvest.com/b/room-and-boards-cafe-boise,https://www.sec.gov/Archives/edgar/data/1804876/000174605920000058/xslC_X01/primary_doc.xml,2/27/2020,Room & Boards LLC,Room & Boards Cafe,Restaurants,Non-Tech,Early,Seed,RegCF,,Revenue Share,1.5,,,,,,,,Transactional,B2C,Life Style,No,Low,Low,No,"$49,067,500,000 ",#NAME?,"$49,067,500,000 ",#NAME?,3.30%,,100,Low,Low,Similar to others,Low,High,No,No,Yes,Yes,0,,0,$0 ,,100.00%,,Pre-Profit,,No,0,1,No,No,No,No,1,2,0,0,,2,0,0,42,No,,,,,,,,,,,,,,,,,,,,,,,,,,,,,,,,,,,,,,,,,,,,,,,,,,,,
Iliass,1804624,Monkey Wrench Brewing,2/28/2020 12:21,MainVest,https://mainvest.com/b/monkey-wrench-brewing-company-suwanee,https://www.sec.gov/Archives/edgar/data/1804624/000174605920000061/xslC_X01/primary_doc.xml,2/27/2020,"Monkey Wrench Brewing Company, LLC",Monkey Wrench Brewing Company,Food & Beverages,Non-Tech,Early,Seed,RegCF,,Revenue Share,1.6,,,,,,,,Transactional,B2B/B2C,Life Style,No,Low,High,No,"$114,200,000,000 ",#NAME?,"$27,600,000,000 ",#NAME?,7.00%,,2000,Low,Low,Similar to others,Low,High,No,No,Yes,Yes,0,,0,$0 ,,100.00%,,Pre-Profit,,No,0,2,No,No,No,No,5,7,0,0,,18,0,0,64,No,,9,1,0,36,Yes,,,,,,,,,,,,,,,,,,,,,,,,,,,,,,,,,,,,,,,,,,,,,,
Francis,1796091,Bible Smugglers,1/6/2020 11:45,WeFunder,https://wefunder.com/biblesmugglersmovie,https://www.sec.gov/Archives/edgar/data/1796091/000167025419000715/xslC_X01/primary_doc.xml,12/13/2019,Bible Smugglers Movie Production LLC,Bible Smugglers,Motion Pictures & Film,Non-Tech,Early,Pre-Seed,RegCF,,Revenue Share,1.2,,,,,,,,Transactional,B2B/B2C,Life Style,No,Low,Low,No,"$50,000,000,000 ",#NAME?,"$100,000,000 ",#NAME?,2.00%,,200,Low,Low,Similar to others,Low,High,No,No,No,No,0,,594,"$10,600 ",,5.60%,,Pre-Product,,No,0,1,No,No,No,No,1,1,0,0,,10,0,0,37,No,,,,,,,,,,,,,,,,,,,,,,,,,,,,,,,,,,,,,,,,,,,,,,,,,,,,
Francis,1803385,Queen's Gambit,2/14/2020 12:30,MainVest,https://mainvest.com/businesses/queens-gambit,https://www.sec.gov/Archives/edgar/data/1803385/000174605920000064/xslC_X01/primary_doc.xml,2/27/2020,TRISKELE VENTURES INC.,Queen's Gambit,Consumer Goods,Non-Tech,Early,Pre-Seed,RegCF,,Revenue Share,1.6,,,,,,,,Transactional,B2C,Life Style,No,Low,High,No,"$9,000,000,000 ",#NAME?,"$100,000,000 ",#NAME?,10.00%,,0,High,Low,Obviously better than others,Low,High,No,No,No,No,0,,0,$0 ,,100.00%,,Pre-Product,,No,0,1,No,No,No,No,1,3,0,0,,10,0,0,49,No,,,,,,,,,,,,,,,,,,,,,,,,,,,,,,,,,,,,,,,,,,,,,,,,,,,,
Francis,1803205,Bullfinch Brewpub,2/14/2020 12:35,MainVest,https://mainvest.com/businesses/bullfinch-brewpub,https://www.sec.gov/Archives/edgar/data/1803205/000174605920000041/xslC_X01/primary_doc.xml,2/13/2020,Bullfinch Brewub LLC,Bullfinch Brewpub,Restaurants,Non-Tech,Early,Pre-Seed,RegCF,,Revenue Share,1.75,,,,,,,,Transactional,B2C,Life Style,No,Low,High,No,"$100,000,000,000 ",#NAME?,"$10,000,000 ",#NAME?,8.00%,,50,Low,Low,Similar to others,Low,High,No,No,No,No,0,,0,$0 ,,100.00%,,Pre-Product,,No,0,1,No,No,No,No,1,1,0,0,,5,0,0,42,No,,,,,,,,,,,,,,,,,,,,,,,,,,,,,,,,,,,,,,,,,,,,,,,,,,,,
Francis,1790424,Greenzone Pharms,2/18/2020 11:07,Fundanna,https://fundanna.com/equity/offer-summary/GreenzonePharms,https://www.sec.gov/Archives/edgar/data/1790424/000179042420000003/xslC_X01/primary_doc.xml,3/3/2020,GreenZone Pharms,GreenZone Pharms,Cannabis and CBD,Non-Tech,Early,Seed,RegCF,,Revenue Share,3,,,,,,,,Transactional,B2B,Life Style,Yes,Low,Low,No,"$4,000,000,000 ",#NAME?,"$50,000,000 ",#NAME?,50.00%,,100,Low,Low,Similar to others,Low,High,No,No,Yes,Yes,121205,,0,$0 ,,100.00%,,Profitable,,No,0,3,No,No,No,No,1,1,0,0,,5,0,0,50,No,,,,,,,,,,,,,,,,,,,,,,,,,,,,,,,,,,,,,,,,,,,,,,,,,,,,
Francis,1802932,Avalon Lounge and Game Cafe,2/18/2020 11:48,MainVest,https://mainvest.com/businesses/avalon-lounge-and-game-cafe,https://www.sec.gov/Archives/edgar/data/1802932/000174605920000034/xslC_X01/primary_doc.xml,2/12/2020,"Avalon Lounge & Game Cafe, Inc.",Avalon Lounge and Game Cafe,Restaurants,Non-Tech,Early,Pre-Seed,RegCF,,Revenue Share,1.5,,,,,,,,Transactional,B2C,Life Style,No,Low,High,No,"$55,000,000,000 ",#NAME?,"$50,000,000 ",#NAME?,8.00%,,5,Low,Low,Similar to others,Low,High,No,No,No,No,0,,0,$0 ,,100.00%,,Pre-Product,,No,0,1,No,Yes,No,No,2,2,0,0,,5,0,0,36,No,,,,,,,,,,,,,,,,,,,,,,,,,,,,,,,,,,,,,,,,,,,,,,,,,,,,
Dan,1788674,Skeptic Distillery Co.,11/1/2019 11:55,WeFunder,https://wefunder.com/skeptic.distillery,https://www.sec.gov/Archives/edgar/data/1788674/000167025420000069/xslC_X01/primary_doc.xml,1/6/2020,Skeptic Distillery Co.,Skeptic Distillery,Wine & Spirits,Non-Tech,Early,Seed,RegCF,,Revenue Share,2.25,,,,,,,,Transactional,B2C,Life Style,Yes,Low,Low,No,"$114,200,000,000 ",#NAME?,"$27,600,000,000 ",#NAME?,4.00%,,7450,Low,Low,Similar to others,,,No,No,Yes,Yes,36792,,5302,"$484,471 ",,1.09%,,Pre-Profit,,No,0,1,Yes,No,No,No,1,3,0,0,,3,1,0,37,No,,,,,,,,,,,,,,,,,,,,,,,,,,,,,,,,,,,,,,,,,,,,,,,,,,,,
Dan,1794037,TNHC,11/19/2019 11:05,Fundopolis,https://fundopolis.com/raisedetails?id=bacaeab7-f47b-473b-82fb-f6dfc908b44c,https://www.sec.gov/Archives/edgar/data/1794037/000178043919000009/xslC_X01/primary_doc.xml,11/27/2019,TNHC LLC,Tennessee Hemp,Cannabis and CBD,Non-Tech,Early,Pre-Seed,RegCF,,Revenue Share,1.75,,,,,,,,Transactional,B2B/B2C,Life Style,Yes,Low,Low,No,"$200,000,000,000 ",#NAME?,"$10,200,000,000 ",#NAME?,19.00%,,16,Low,Low,Similar to others,,,No,No,Yes,Yes,3138,,1387,$0 ,,100.00%,,Pre-Profit,,No,0,3,Yes,No,No,No,0,3,0,0,,11,3,0,42,No,,0,,,,,,0,,,,,,,,,,,,,,,,,,,,,,,,,,,,,,,,,,,,,,,,,,,,
Dan,1794407,Mizen Funeral Home,11/21/2019 13:46,MainVest,https://mainvest.com/businesses/mizen-funeral-home,https://www.sec.gov/Archives/edgar/data/1794407/000174605920000066/xslC_X01/primary_doc.xml,3/3/2020,Mizen Funeral Home & Cremation Services LLC,Mizen Funeral Home,Events Services,Non-Tech,Early,Seed,RegCF,,Revenue Share,1.8,,,,,,,,Transactional,B2C,Life Style,Yes,Low,Low,No,"$20,645,000,000 ",#NAME?,"$20,645,000,000 ",#NAME?,4.00%,,28243,Low,Low,Similar to others,,,No,No,Yes,Yes,0,,0,$0 ,,100.00%,,Pre-Revenue,,No,0,1,Yes,No,No,No,1,2,0,0,,20,0,0,58,No,,,,,,,,,,,,,,,,,,,,,,,,,,,,,,,,,,,,,,,,,,,,,,,,,,,,
Dan,1788198,I am Like You Film,12/20/2019 12:16,WeFunder,https://wefunder.com/i.am.like.you.film.llc,https://www.sec.gov/Archives/edgar/data/1788198/000167025419000612/xslC_X01/primary_doc.xml,10/22/2019,"I AM LIKE YOU FILM, LLC",I Am Like You,Motion Pictures & Film,Non-Tech,Early,Seed,RegCF,,Profit Share,2,,,,,,,,Transactional,B2B/B2C,Life Style,No,High,High,No,"$11,321,000,000 ",#NAME?,"$1,245,310,000 ",#NAME?,0.00%,,877,Low,Low,Similar to others,,,No,No,No,No,0,,528,"$152,764 ",,0.35%,,Pre-Product,,No,0,1,Yes,No,No,No,1,1,0,0,,24,0,0,38,No,,,,,,,,,,,,,,,,,,,,,,,,,,,,,,,,,,,,,,,,,,,,,,,,,,,,
Dan,1783625,Kin Tap and Rec Room,1/2/2020 13:08,MainVest,https://mainvest.com/businesses/kintaproom,https://www.sec.gov/Archives/edgar/data/1783625/000174605920000033/xslC_X01/primary_doc.xml,2/11/2020,"Kin Tap & Rec Room, LLC",Kin Tap and Rec Room,Entertainment,Non-Tech,Early,Pre-Seed,RegCF,,Revenue Share,1.35,,,,,,,,Transactional,B2C,Life Style,Yes,Low,High,No,"$114,200,000,000 ",#NAME?,"$27,600,000,000 ",#NAME?,4.00%,,7450,Low,Low,Similar to others,,,No,No,No,No,0,,0,$0 ,,100.00%,,Pre-Product,,No,0,1,No,Yes,No,No,2,1,0,0,,0,0,0,38,Yes,,,,,,,,,,,,,,,,,,,,,,,,,,,,,,,,,,,,,,,,,,,,,,,,,,,,
Dan,1793868,Porky's Bar & Grill,1/22/2020 8:38,Honeycomb,https://app.honeycombcredit.com/en/projects/11145-Porky-s-Bar--amp--Grill,https://www.sec.gov/Archives/edgar/data/1793868/000179386820000002/xslC_X01/primary_doc.xml,3/20/2020,Porky's LLC,Porky's Bar and Grill,Restaurants,Non-Tech,Growth,Seed,RegCF,,Debt,,10.50%,,,,,,,Transactional,B2C,Life Style,Yes,Low,Low,No,"$3,015,000,000,000 ",#NAME?,"$3,015,000,000,000 ",#NAME?,4.00%,,62500,Low,Low,Similar to others,,,No,No,Yes,Yes,345352,,2529,"$120,634 ",,2.10%,,Profitable,,No,0,2,Yes,No,No,No,0,11,0,0,,2,0,0,42,No,,2,,,,,,,,,,,,,,,,,,,,,,,,,,,,,,,,,,,,,,,,,,,,,,,,,,
Dan,1800155,Sits n Wiggles Pet Care n Training,1/27/2020 16:22,Honeycomb,https://app.honeycombcredit.com/en/projects/11226-Sits-N-Wiggles-Dog-Daycare-N-Training--LLC,https://www.sec.gov/Archives/edgar/data/1800155/000180015520000001/xslC_X01/primary_doc.xml,1/16/2020,"Sits N Wiggles Dog Daycare N Training, LLC",Sits 'n Wiggles Pet Care & Training,Consumer Services,Non-Tech,Growth,Seed,RegCF,,Debt,,13.25%,,,,,,,Transactional,B2C,Life Style,Yes,Low,Low,No,"$26,280,000,000 ",#NAME?,"$18,920,000,000 ",#NAME?,9.00%,,14830,Low,Low,Similar to others,,,Yes,No,Yes,Yes,141874,,578,$0 ,,100.00%,,Profitable,,No,0,2,Yes,Yes,No,No,1,9,0,0,,5,0,0,37,No,,,,,,,,,,,,,,,,,,,,,,,,,,,,,,,,,,,,,,,,,,,,,,,,,,,,
Dan,1801405,An Angry Boy,1/29/2020 17:14,StartEngine,https://www.startengine.com/an-angry-boy,https://www.sec.gov/Archives/edgar/data/1801405/000166516020000061/xslC_X01/primary_doc.xml,1/28/2020,An Angry Boy Inc.,An Angry Boy,Motion Pictures & Film,Non-Tech,Early,Pre-Seed,RegCF,,Profit Share,1.15,,,,,,,,Transactional,B2B/B2C,Life Style,No,High,High,No,"$11,321,000,000 ",#NAME?,"$1,245,310,000 ",#NAME?,0.00%,,877,Low,Low,Similar to others,,,No,No,No,No,0,,302,"$15,000 ",,2.01%,,Pre-Product,,No,0,1,Yes,No,No,No,1,1,0,0,,16,1,0,38,No,,,,,,,,,,,,,,,,,,,,,,,,,,,,,,,,,,,,,,,,,,,,,,,,,,,,
Dan,1801534,Stoneman Brewery,2/5/2020 16:57,MainVest,https://mainvest.com/businesses/stoneman-brewery,https://www.sec.gov/Archives/edgar/data/1801534/000174605920000029/xslC_X01/primary_doc.xml,2/5/2020,Stoneman Brewery LLC,Stoneman Brewery,Food & Beverages,Non-Tech,Early,Seed,RegCF,,Revenue Share,1.25,,,,,,,,Transactional,B2B/B2C,Life Style,Yes,Low,Low,No,"$139,500,000,000 ",#NAME?,"$139,500,000,000 ",#NAME?,5.00%,,7363,Low,Low,Similar to others,,,No,No,Yes,Yes,84226,,35,$0 ,,100.00%,,Pre-Profit,,No,0,1,Yes,No,No,No,0,1,0,0,,8,0,0,42,No,,,,,,,,,,,,,,,,,,,,,,,,,,,,,,,,,,,,,,,,,,,,,,,,,,,,
Dan,1799484,Plum Island Grill,2/13/2020 12:07,MainVest,https://mainvest.com/businesses/plum-island-grille,https://www.sec.gov/Archives/edgar/data/1799484/000174605920000037/xslC_X01/primary_doc.xml,2/13/2020,"Plum Island Grille, Inc.",Plum Island Grille,Restaurants,Non-Tech,Growth,Series A,RegCF,,Revenue Share,1.3,,,,,,,,Transactional,B2C,Life Style,Yes,Low,Low,No,"$12,000,000,000 ",#NAME?,"$12,000,000,000 ",#NAME?,8.00%,,12,Low,Low,Similar to others,,,No,No,Yes,Yes,1445022,,2843,$0 ,,100.00%,,Profitable,,Yes,0,1,Yes,No,No,No,1,40,0,0,,7,0,0,52,No,,,,,,,,,,,,,,,,,,,,,,,,,,,,,,,,,,,,,,,,,,,,,,,,,,,,
Dan,1800828,Snake Oil Song,3/2/2020 11:37,WeFunder,https://wefunder.com/snake.oil.song,https://www.sec.gov/Archives/edgar/data/1800828/000167025420000094/xslC_X01/primary_doc.xml,1/30/2020,"Snake Oil Song, LLC",Snake Oil Song,Motion Pictures & Film,Non-Tech,Early,Pre-Seed,RegCF,,Revenue Share,1.25,,,,,,,,Transactional,B2B/B2C,Life Style,No,High,High,No,"$11,321,000,000 ",#NAME?,"$1,245,310,000 ",#NAME?,0.00%,,877,Low,Low,Similar to others,,,No,No,No,No,0,,741,$0 ,,100.00%,,Pre-Product,,No,0,1,Yes,No,No,No,0,1,0,0,,11,0,0,31,No,,,,,,,,,,,,,,,,,,,,,,,,,,,,,,,,,,,,,,,,,,,,,,,,,,,,
Dan,1803497,PointBreezeway,3/3/2020 11:42,Honeycomb,https://app.honeycombcredit.com/en/projects/11334-PointBreezeway-LLC,https://www.sec.gov/Archives/edgar/data/1803497/000180349720000001/xslC_X01/primary_doc.xml,2/28/2020,PointBreezeway LLC,PointBreezeway,Events Services,Non-Tech,Growth,Series A,RegCF,,Debt,,10.50%,,,,,,,Transactional,B2B/B2C,Life Style,No,High,Low,No,"$1,338,300,000,000 ",#NAME?,"$1,338,300,000,000 ",#NAME?,10.00%,,27,Low,Low,Similar to others,,,No,No,Yes,Yes,160539,,4315,$0 ,,100.00%,,Profitable,,No,0,2,Yes,Yes,No,No,3,4,0,0,,6,0,0,32,No,,6,0,0,,,,,,,,,,,,,,,,,,,,,,,,,,,,,,,,,,,,,,,,,,,,,,,,
Dan,1805075,Delmont Mama P's Pizza Subs & More,3/3/2020 11:48,Honeycomb,https://app.honeycombcredit.com/en/projects/11333-ScHE-Corp,https://www.sec.gov/Archives/edgar/data/1805075/000180507520000002/xslC_X01/primary_doc.xml,3/23/2020,ScHE Corp.,Delmont Mama P's Pizza Subs & More,Restaurants,Non-Tech,Growth,Pre-Seed,RegCF,,Debt,,10.25%,,,,,,,Transactional,B2C,Life Style,Yes,Low,Low,No,"$213,160,000,000 ",#NAME?,"$213,160,000,000 ",#NAME?,2.00%,,4637,Low,Low,Similar to others,,,No,No,Yes,Yes,0,,0,$0 ,,100.00%,,Profitable,,No,0,2,No,Yes,Yes,No,1,2,0,0,,0,0,0,42,No,,0,0,0,,No,,,,,,,,,,,,,,,,,,,,,,,,,,,,,,,,,,,,,,,,,,,,,,
Dan,1798823,The Wine Collective,3/3/2020 11:56,Honeycomb,https://app.honeycombcredit.com/en/projects/11227-The-Wine-Collective,https://www.sec.gov/Archives/edgar/data/1798823/000179882320000002/xslC_X01/primary_doc.xml,2/18/2020,"Wine Collective, LLC",The Wine Collective,Wine & Spirits,Non-Tech,Early,Pre-Seed,RegCF,,Debt,,10.00%,,,,,,,Transactional,B2B/B2C,Life Style,Yes,Low,High,No,"$65,125,000,000 ",#NAME?,"$68,000,000 ",#NAME?,2.00%,,80,Low,Low,Similar to others,,,No,No,No,No,0,,0,$0 ,,100.00%,,Pre-Product,,No,0,2,Yes,No,Yes,No,1,10,0,0,,21,0,0,48,No,,4,1,0,,,,,,,,,,,,,,,,,,,,,,,,,,,,,,,,,,,,,,,,,,,,,,,,
Olivia,1807302,AV Seals Labor Group,,MainVest,https://mainvest.com/b/av-seals-labor-group-llc,https://www.sec.gov/Archives/edgar/data/1807302/000174605920000099/xslC_X01/primary_doc.xml,3/31/2020,"AV Seals Labor Group, LLC","AV Seals Labor Group, LLC",Consumer Services,Non-Tech,Early,Pre-Seed,RegCF,,Revenue Share,1.3,,,,,,,,Transactional,B2C,Life Style,No,Low,High,No,"$17,000,000,000 ",$10B-$25B,"$42,500,000 ",$25M-$50M,3.10%,0%-10%,8,Low,Low,Similar to others,Low,High,No,No,Yes,Yes,50124,$50K - $100K,9702,$0 ,< $10K,100.00%,90% - 100%,Profitable,,No,0,1,No,No,No,No,1,2,0,0,,18,0,0,39,No,,,,,,,,,,,,,,,,,,,,,,,,,,,,,,,,,,,,,,,,,,,,,,,,,,,,
Olivia,1807964,Contempo Aesthetics,,MainVest,https://mainvest.com/b/contempo-aesthetics,https://www.sec.gov/Archives/edgar/data/1807964/000174605920000100/xslC_X01/primary_doc.xml,4/1/2020,"Rachel Reyes-Bergano, D.O. Inc.",Contempo Aesthetics,"Health, Welness & Fitness",Non-Tech,Early,Pre-Seed,RegCF,,Revenue Share,1.1,,,,,,,,Transactional,B2C,Life Style,No,Low,High,No,"$47,000,000,000 ",$25B-$50B,"$15,000,000,000 ",$10B-$25B,5.50%,0%-10%,10,High,Low,Similar to others,High,High,No,No,Yes,Yes,984796,$500K - $1M,2400,$0 ,< $10K,100.00%,90% - 100%,Pre-Profit,,Yes,4,1,No,Yes,No,No,2,6,0,0,,6,0,0,37,Yes,,,,,,,,,,,,,,,,,,,,,,,,,,,,,,,,,,,,,,,,,,,,,,,,,,,,
Olivia,1808346,Antonio's Cupcake Factory,,MainVest,https://mainvest.com/b/antonioscupcakes,https://www.sec.gov/Archives/edgar/data/1808346/000174605920000102/xslC_X01/primary_doc.xml,4/2/2020,Antonios Cupcake Factory Inc,Antonio's Cupcake Factory,Food & Beverages,Non-Tech,Early,Pre-Seed,RegCF,,Revenue Share,1.5,,,,,,,,Transactional,B2C,Life Style,No,Low,High,No,"$30,000,000,000 ",$25B-$50B,"$7,500,000,000 ",$5B-$10B,3.20%,0%-10%,20,High,Low,Similar to others,Low,High,No,No,Yes,Yes,150730,$100K - $500K,8145,$0 ,< $10K,100.00%,90% - 100%,Profitable,,No,0,1,No,No,No,Yes,1,,0,0,,36,0,0,56,No,,,,,,,,,,,,,,,,,,,,,,,,,,,,,,,,,,,,,,,,,,,,,,,,,,,,
Olivia,1765325,Twisted Escape Room,,MainVest,https://mainvest.com/b/twisted-escape-room-salem,https://www.sec.gov/Archives/edgar/data/1765325/000174605920000104/xslC_X01/primary_doc.xml,4/3/2020,Twisted Escape Room LLC,Twisted Escape Room,Entertainment,Non-Tech,Early,Pre-Seed,RegCF,,Revenue Share,1.5,,,,,,,,Transactional,B2C,Life Style,No,Low,High,No,"$724,500,000 ",$500M-$1B,"$37,800,000 ",$25M-$50M,20.00%,10%-20%,11,Low,Low,Similar to others,Low,High,No,No,Yes,Yes,128971,$100K - $500K,12224,$0 ,< $10K,100.00%,90% - 100%,Pre-Profit,,No,0,2,No,Yes,No,No,1,3,0,0,,0,0,0,38,Yes,,13,0,0,,No,,,,,,,,,,,,,,,,,,,,,,,,,,,,,,,,,,,,,,,,,,,,,,
Olivia,1807930,Stone's Throw Hash,,Honeycomb,https://app.honeycombcredit.com/en/projects/11395-Stone-s-Throw-Hash,"https://disclosurequest.com/form/stones-throw-hash,-llc/0001807930-20-000001/?returnURL=",4/6/2020,"Stone's Throw Hash, LLC",Stone's Throw Hash,Food & Beverages,Non-Tech,Early,Pre-Seed,RegCF,,Debt,,10.00%,,,,,,,Transactional,B2C,Life Style,No,Low,High,Yes,"$1,100,000,000 ",$1B-$5B,"$5,000,000 ",< $25M,1.00%,0%-10%,5,High,Low,Similar to others,Low,High,Yes,No,Yes,Yes,42714,$10K - $50K,9647,$0 ,< $10K,100.00%,90% - 100%,Pre-Profit,,No,0,1,No,No,No,No,2,1,0,0,,6,0,0,40,No,,,,,,,,,,,,,,,,,,,,,,,,,,,,,,,,,,,,,,,,,,,,,,,,,,,,
Olivia,1805122,Big Kahuna Pineapple Drink Company,,Honeycomb,https://app.honeycombcredit.com/en/projects/11383-Big-Kahuna-Pineapple-Drink-Company-LLC,https://disclosurequest.com/form/big-kahuna-pineapple-drink-co-llc/0001805122-20-000001/?returnURL=,4/1/2020,Big Kahuna Pineapple Drink Co LLC,Big Kahuna Pineapple Drink Company,Food & Beverages,Non-Tech,Early,Pre-Seed,RegCF,,Debt,,12.75%,,,,,,,Transactional,B2C,Life Style,No,Low,High,No,"$26,200,000,000 ",$25B-$50B,"$3,000,000,000 ",$1B-$5B,5.80%,0%-10%,2,Low,Low,Similar to others,Low,High,No,No,Yes,Yes,800,< $10K,832,$0 ,< $10K,100.00%,90% - 100%,Pre-Profit,,No,0,1,No,No,Yes,No,0,9,0,0,,0,0,0,34,No,,,,,,,,,,,,,,,,,,,,,,,,,,,,,,,,,,,,,,,,,,,,,,,,,,,,
Francis,1807932,Goddard Medical Services,,MainVest,https://mainvest.com/businesses/goddard-medical-services/overview,https://www.sec.gov/Archives/edgar/data/1807932/000174605920000095/xslC_X01/primary_doc.xml,3/27/2020,GODDARD MEDICAL SERVICES LLC,Goddard Medical Services,Medical Practice,Non-Tech,Early,Seed,RegCF,,Revenue Share,2,,,,,,0,< $1M,Transactional,B2C,Life Style,No,Low,High,,"$50,000,000,000 ",$50B-$100B,"$10,000,000 ",< $25M,4.00%,0%-10%,50,Low,Low,Similar to others,High,High,No,No,Yes,Yes,86824,$50K - $100K,0,$0 ,< $10K,100.00%,90% - 100%,Profitable,,No,0,1,No,No,No,No,3,1,0,0,,3,0,0,30,No,,,,,,,,,,,,,,,,,,,,,,,,,,,,,,,,,,,,,,,,,,,,,,,,,,,,
Francis,1807941,Global Wordsmiths,,Honeycomb,https://app.honeycombcredit.com/en/projects/11378-Global-Wordsmiths,https://www.sec.gov/Archives/edgar/data/1807941/000180794120000001/xslC_X01/primary_doc.xml,3/30/2020,Global Wordsmiths LLC,Global Wordsmiths,Translation & Localisation,EnterpriseTech,Early,Seed,RegCF,,Debt,,7.00%,,,,,0,< $1M,Transactional,B2B,Life Style,No,Low,Low,,"$40,000,000,000 ",$25B-$50B,"$300,000,000 ",$250M-$500M,5.00%,0%-10%,10,High,Low,Obviously better than others,High,Low,Yes,No,Yes,Yes,729794,$500K - $1M,0,$0 ,< $10K,100.00%,90% - 100%,Profitable,,Yes,5,1,No,Yes,No,No,2,4,0,0,,20,0,0,38,No,,,,,,,,,,,,,,,,,,,,,,,,,,,,,,,,,,,,,,,,,,,,,,,,,,,,
Francis,1807927,Wanderlinger Brewing Company,,MainVest,https://mainvest.com/b/wanderlinger-brewery-chattanooga,https://www.sec.gov/Archives/edgar/data/1807927/000174605920000097/xslC_X01/primary_doc.xml,3/31/2020,"WanderLinger Brewing Company, LLC",WanderLinger Brewery,Food & Beverages,Non-Tech,Early,Seed,RegCF,,Revenue Share,1,,,,,,0,< $1M,Transactional,B2C,Life Style,No,Low,High,,"$10,000,000,000 ",$10B-$25B,"$5,000,000 ",< $25M,8.00%,0%-10%,50,Low,Low,Similar to others,Low,High,No,No,Yes,Yes,95113,$50K - $100K,16635,$0 ,< $10K,100.00%,90% - 100%,,,No,0,2,No,No,No,No,2,8,0,0,,5,0,0,35,No,,5,0,0,40,No,,,,,,,,,,,,,,,,,,,,,,,,,,,,,,,,,,,,,,,,,,,,,,
